3242 5084
611 471 830 532 ..17-

497 642 546 699 IV.
565 642 608 698 llc
626 641 777 710 excerptis
796 640 950 699 Parlslnls.

249 771 275 828 Ε
299 769 442 830 Parisinis
466 775 673 848 excerptorum
697 771 782 831 libris
806 771 900 831 codici
922 770 1016 848 regio,
1041 769 1112 829 olim
1126 769 1280 841 Thoaneo,

164 860 215 936 qui
239 878 364 921 numero
390 861 474 924 7647
499 861 675 920 inscribitur
699 863 754 936 (pl,
788 861 884 920 maior
908 880 1000 937 quam
1022 857 1281 930 Nostradrimensi,

163 969 241 1008 nunc
274 949 358 1028 regio
386 954 490 1015 17903
517 952 561 1026 (n)
593 951 757 1009 auctoritas
789 950 983 1010 attribuenda
1014 956 1068 1008 est.
1115 949 1173 1008 Hic
1204 949 1282 1008 enim

161 1038 278 1098 librarii
294 1039 464 1117 ignorantia
480 1037 528 1098 uel
543 1040 668 1099 levitate
685 1039 797 1098 mendis
813 1039 982 1115 scripturae
998 1038 1159 1097 admodum
1175 1039 1281 1109 scatit3

162 1128 290 1203 exempli
313 1147 403 1187 censa
433 1128 509 1187 falso
540 1148 594 1204 pro
619 1129 727 1188 codicis
751 1148 770 1204 p
794 1129 944 1204 scriptura
974 1129 1097 1203 praebet
1119 1127 1283 1186 lectionum

162 1217 324 1277 varietates
346 1218 414 1276 has:
448 1217 472 1288 I,
499 1222 528 1289 9,
554 1223 612 1282 28:
651 1217 818 1292 „invictos“
844 1237 898 1294 pro
925 1217 1087 1292 „invitos“,
1111 1215 1140 1287 I,
1165 1222 1214 1289 10,
1241 1217 1282 1280 46

161 1325 283 1366 versum
308 1307 432 1380 omittit,
457 1305 498 1381 ΙΙ,
524 1311 553 1380 3,
580 1312 619 1371 47
632 1327 638 1364 :
672 1307 849 1385 „coniugia“
876 1326 930 1383 pro
957 1305 1144 1381 „convivia“,
1167 1304 1226 1375 III,
1241 1301 1282 1376 ’3,

166 1400 221 1459 12:
261 1395 427 1470 „fundant“
463 1414 517 1470 pro
552 1395 718 1470 „findant“,
751 1396 809 1469 ΙΙΙ,
836 1401 865 1467 3,
895 1402 952 1460 17:
988 1396 1110 1456 iirtheo“
1144 1396 1283 1471 prc.„in

162 1485 312 1544 erithrec“
340 1488 388 1560 (p:
426 1485 600 1559 meritheo);
637 1485 710 1544 alias
733 1485 948 1560 discrepantias
979 1503 1071 1560 supra
1094 1505 1144 1562 pg·
1173 1489 1211 1548 16
1237 1487 1283 1543 st-

160 1574 298 1633 tulimus.

252 1663 395 1723 Attamen
426 1684 495 1723 cum
526 1664 784 1723 Nostradamensis
817 1684 852 1722 ex
883 1663 1025 1723 Tbuaneo
1061 1683 1120 1722 non
1152 1661 1282 1736 fluxerit,

161 1755 293 1828 uterque
316 1754 354 1812 ad
378 1773 447 1812 eum
471 1754 524 1829 qui
548 1773 583 1811 ex
606 1753 702 1828 ipsius
726 1753 907 1829 excerptoris
929 1772 1022 1811 manu
1052 1751 1204 1828 profectus
1228 1755 1283 1826 est,

132 1859 134 1866 ’
163 1842 296 1902 codicem
319 1842 541 1902 restituendum
564 1843 649 1902 nobis
666 1861 741 1918 opus
765 1846 819 1902 est.
868 1840 926 1911 Qui
949 1842 1164 1919 florilegiorum
1181 1841 1284 1900 arche-

161 1934 266 2007 typus,
301 1930 466 1991 communis
496 1932 630 1992 omniurn
663 1951 739 2009 ques
769 1932 908 1991 novimus
940 1935 1058 2007 praeter
1081 1930 1284 2008 Frisingenses

162 2021 338 2098 eclogarum
369 2020 445 2091 fons,
480 2021 647 2080 manifestis
679 2021 964 2097 interpolationibus
994 2021 1177 2096 depravatus
1208 2022 1283 2083 erat.

163 2107 241 2168 Cum
265 2110 343 2168 enim
366 2110 462 2186 isqui
484 2113 621 2185 excerpta
645 2110 782 2181 confecit,
808 2128 913 2170 versus
929 2129 1004 2186 qnos
1028 2130 1044 2169 e
1066 2109 1284 2169 sententiarum

163 2218 280 2258 conexu
304 2200 454 2272 evelleret,
479 2203 558 2276 ipsos
583 2219 635 2275 per
659 2219 689 2260 se
713 2199 800 2259 facile
824 2199 961 2277 intellegi
988 2199 1089 2262 vellet.
1113 2198 1284 2274 saepissime

164 2291 195 2347 et
218 2289 387 2364 particulae
412 2292 441 2348 et
465 2289 697 2362 coniunctiones,
732 2290 805 2365 quin
830 2288 920 2347 etiem
943 2289 1129 2364 pronomina,
1161 2308 1280 2365 genera,

163 2379 307 2452 tempora,
324 2379 405 2438 modi
422 2381 507 2438 erent
523 2378 676 2449 mutanda,
694 2397 825 2454 quorum
841 2379 975 2453 exempla
991 2377 1098 2437 attulit
1110 2377 1285 2436 Prctzenius

162 2466 194 2524 in
228 2467 321 2526 libelli
356 2467 404 2526 sui
437 2487 487 2546 pg.
514 2473 555 2532 45
580 2487 644 2544 sqq.
659 2469 691 2541 ¹).
740 2466 796 2526 Sed
829 2488 867 2526 ne
898 2467 930 2525 in
961 2466 1007 2525 his
1038 2467 1159 2543 quidem
1190 2466 1285 2526 inter-

163 2552 368 2631 polationibus
392 2557 553 2633 acquievit,
587 2558 677 2615 immo
701 2557 749 2616 vel
781 2559 860 2616 totas
892 2575 979 2631 saepe
1002 2556 1164 2615 sententias
1187 2559 1285 2616 trans-

164 2646 307 2703 formavit
328 2646 374 2705 ita
403 2650 440 2704 ut
463 2667 541 2722 quae
573 2647 610 2706 de
632 2666 692 2705 unc
724 2665 754 2704 se
778 2646 826 2706 vel
856 2645 892 2705 de
915 2648 997 2706 certo
1026 2645 1146 2705 homine
1169 2646 1285 2704 dixerat

164 2734 312 2804 Tibullus,
336 2735 367 2792 in
391 2754 491 2794 omnes
507 2736 640 2795 homines
664 2735 845 2812 caderent.²)
881 2734 956 2793 Cum
980 2737 1083 2793 autern
1106 2736 1286 2811 opusculum

165 2842 253 2882 suum
278 2825 395 2884 scholae
419 2825 489 2883 usui
505 2825 692 2896 destinasset,
717 2845 777 2884 non
794 2824 882 2883 modo
898 2823 999 2882 omnia
1012 2844 1089 2900 quae
1113 2826 1150 2883 ab
1164 2824 1286 2883 illorum

165 2915 334 2988 temporum
358 2913 492 2973 moribus
525 2915 800 2991 monachorumque
831 2914 913 2972 vitae
944 2913 1094 2973 institutis
1126 2914 1286 2974 abhorrere

166 3002 356 3076 videbantur,
389 3023 424 3062 ex
454 3004 564 3081 eclogis
596 3005 657 3063 suis
690 3004 819 3063 removit
851 3002 949 3079 (velut
971 3002 1013 3073 Il,
1039 3009 1068 3074 3,
1094 3008 1146 3067 38.
1170 3002 1229 3073 ΙΙΙ,
1255 3009 1285 3075 3,

167 3095 225 3164 32,
260 3092 335 3167 al),
379 3093 430 3151 sed
464 3093 554 3152 etiam
587 3093 824 3152 inusitatiorem·
845 3093 1008 3190 verborum
1043 3092 1286 3168 compositionem

256 3321 283 3389 Ι)
302 3323 403 3377 Totam
427 3323 461 3377 de
486 3327 679 3393 excerptorum
703 3323 812 3377 ratione
831 3322 1024 3390 quaestionem
1042 3322 1133 3374 denno
1152 3317 1288 3376 tractavit

166 3398 354 3462 quattuorque
366 3395 591 3464 interpolationis
604 3413 709 3465 genera
721 3395 852 3448 distinxit
865 3394 902 3446 M.
915 3393 1109 3447 Rothsteinius
1122 3412 1169 3462 pg.
1181 3394 1215 3445 25
1225 3412 1285 3462 sqq.

165 3484 256 3534 neque
275 3470 371 3520 tamen
389 3467 454 3520 novi
473 3467 627 3534 quidquam
645 3467 680 3520 de
704 3466 873 3535 excerptoris
892 3464 1008 3519 consilio
1033 3464 1064 3517 in
1082 3465 1204 3518 medium
1224 3483 1287 3534 pro·

165 3539 242 3591 tulit.
261 3565 296 3574 —
316 3537 394 3602 Quod
421 3537 451 3592 in
478 3555 608 3592 versuum
636 3538 671 3601 ΙΙ,
697 3538 722 3602 4,
749 3539 779 3588 ll
802 3555 843 3606 sq.
872 3536 957 3591 titulo
981 3539 1171 3605 excerptorem
1195 3537 1287 3605 prima

166 3627 284 3678 persona
303 3610 345 3662 uti
364 3609 516 3662 arbitratus
535 3613 586 3674 est,
606 3609 686 3676 quasi
705 3627 763 3673 suu,
782 3625 840 3662 non
858 3608 930 3662 alius
948 3611 1049 3676 poetae
1068 3608 1153 3661 verba
1166 3608 1286 3672 afferret,

166 3682 269 3734 mirum
287 3680 317 3733 in
335 3681 448 3734 modum
467 3681 578 3735 videtur
597 3698 717 3744 errasse5
736 3698 792 3735 non
811 3679 886 3733 enim
908 3679 965 3744 ,De
982 3678 1070 3732 nimio
1085 3679 1146 3732 dico
1165 3679 1286 3743 dolcre‘,

167 3752 214 3806 sed
246 3752 301 3816 ,De
320 3752 468 3805 immodico
494 3751 603 3807 dolorc“
634 3753 851 3822 grammaticum
878 3752 959 3806 illum
987 3750 1129 3819 scripsisse
1157 3750 1216 3806 veri
1244 3753 1288 3805 est

165 3823 348 3876 simillimum.

257 3892 284 3960 2)
303 3894 399 3948 Veluti
422 3894 457 3959 ΙΙ,
484 3895 508 3959 6,
530 3894 562 3946 19
582 3912 622 3961 sq.
652 3913 720 3962 quos
747 3912 842 3949 versus
870 3893 910 3946 sic
936 3895 1121 3947 commutatos
1155 3892 1287 3947 exhibent

167 3983 232 4019 exce
267 3969 313 4018 ts:

234 3984 383 4090 rpFinirent
409 4037 492 4089 multi
519 4036 575 4090 leto
594 4037 683 4102 mala,
712 4037 826 4091 credula
850 4036 940 4090 vitam
958 4035 1027 4104 Spes
1046 4036 1122 4090 fovet
1140 4036 1169 4088 et
1187 4033 1301 4087 melius*

168 4125 227 4163 cras
247 4109 305 4162 fore
325 4123 433 4176 semper
452 4108 501 4171 ait,
521 4125 571 4176 pro
590 4109 716 4162 codicum
736 4108 870 4162 lectione:
894 4107 972 4171 ,Jam
985 4107 1061 4160 mala
1080 4107 1202 4159 finissem
1220 4105 1286 4167 leto,

168 4181 215 4234 sed
235 4179 390 4233 credulae.
411 4197 436 4246 q.
457 4179 492 4232 s.“
533 4179 573 4243 Il,
593 4179 624 4242 5,
645 4180 677 4230 12
696 4197 746 4249 pro
764 4179 904 4247 Lygdami
929 4196 1024 4232 versu:
1054 4177 1128 4242 ,Nec
1146 4193 1193 4230 cor
1211 4175 1287 4228 solli·

169 4251 259 4304 citant
276 4251 354 4303 facta
379 4251 501 4303 nefanda
520 4250 638 4315 meum“,
663 4252 736 4304 hanc
759 4251 895 4320 praebent
919 4249 1089 4303 sententiam
1112 4247 1286 4318 generalem:

418 4321 578 4375 Sollicitant
596 4325 693 4391 pectus
711 4323 787 4375 facto
806 4321 928 4375 nefanda
946 4338 1031 4375 reum.

1110 4408 1128 4461 2
