3242 5084
779 413 995 472 „24-

319 584 521 660 quodetiam
545 584 726 644 Lachmanni
751 584 865 644 codices
896 585 1037 644 exhibent
1068 604 1185 655 omnes;
1220 584 1315 644 altera
1342 586 1447 644 autem

326 693 418 732 manu
442 673 610 749 adscriptus
635 677 679 733 est
703 693 807 733 versus
832 675 869 732 ab
893 674 1026 749 Aurispa
1049 673 1239 749 suppositus:

435 780 472 840 Et
495 784 601 856 potum
624 781 716 840 fessas
741 782 848 840 ducere
871 781 1056 852 fluminibus,

327 889 376 948 cui
411 889 550 948 Muretus
586 889 617 947 in
655 888 808 948 veteribus
843 889 993 948 codicibus
1036 889 1213 948 adnotatum
1248 889 1340 948 fuisse
1374 888 1448 948 dicit

330 997 453 1053 „versus
466 977 648 1053 Aurispae“.
688 977 728 1037 Et
741 977 936 1038 Eboracensis
959 982 1079 1054 praeter
1095 977 1222 1038 Senecae
1245 981 1447 1038 commentum

328 1068 453 1127 eundem
484 1069 563 1130 huuc
586 1086 706 1126 versum
731 1067 900 1128 exhibuisse
929 1068 1054 1139 dieitur3
1087 1067 1117 1125 in
1141 1068 1310 1128 Monacensi
1345 1071 1447 1127 autem

327 1157 382 1217 hoo
405 1158 644 1233 supplementum
669 1157 782 1216 inveni:

435 1261 546 1342 Cogere
569 1284 637 1323 cum
661 1284 789 1340 parvum
813 1266 909 1323 matre
933 1264 1024 1323 simul
1047 1264 1189 1323 vitulum.

415 1371 558 1430 Eiusdem
590 1371 730 1430 carminis
761 1374 831 1446 post
863 1389 982 1431 versum
1009 1378 1049 1436 77
1075 1374 1107 1447 (7
1112 1372 1145 1449 5)
1181 1392 1251 1432 cum
1278 1372 1448 1430 hexameter

328 1461 501 1531 excidisset,
535 1460 717 1519 Lachmanni
747 1461 861 1520 codices
893 1461 1005 1536 aliique
1040 1459 1167 1520 Senecae
1195 1461 1293 1536 (velut
1315 1460 1447 1533 Monac.)

330 1552 360 1609 et
395 1549 523 1608 aliorum
556 1550 776 1612 commenticios
810 1568 916 1609 versus
945 1554 1196 1626 assumpserunt,
1232 1550 1447 1609 Ambrosianus

328 1642 431 1699 autem
452 1639 664 1716 integerrimus
687 1639 738 1698 ille
762 1642 792 1698 et
815 1639 981 1698 Vaticanus
1011 1641 1067 1699 hoc
1101 1659 1223 1716 quoque
1254 1641 1320 1699 loco
1343 1658 1447 1698 versus

327 1728 411 1786 nullo
435 1728 532 1803 spatio
554 1728 724 1788 intermisso
746 1731 927 1797 conectunt,
951 1727 1207 1804 Guelferbytanus
1229 1730 1320 1788 unius
1344 1747 1448 1787 versus

327 1818 525 1876 interstitium
558 1817 702 1893 reliquit,
734 1837 795 1893 quo
826 1818 857 1876 in
880 1818 1039 1878 intervallo
1064 1837 1184 1877 versum
1208 1838 1298 1894 quem
1321 1817 1448 1878 Paccius

326 1907 497 1976 Pontanum
520 1907 688 1982 reposuisse
711 1910 854 1979 testatur,
878 1907 1007 1967 inseruit
1028 1927 1135 1967 manus
1159 1909 1309 1968 secunda:

432 2013 457 2072 Ο
482 2015 603 2074 valeant
625 2014 725 2073 cultus
750 2017 779 2074 11
802 2015 915 2074 tinctae
937 2015 1051 2073 murice
1075 2015 1169 2074 lanae.

322 2120 542 2181 'Ambrosianus
558 2120 590 2178 in
605 2120 741 2199 margine
758 2121 877 2180 exhibet
893 2121 1045 2181 Francisci
1065 2121 1215 2197 Philelphi
1231 2123 1446 2180 commentum:

434 2227 459 2286 Ο
482 2229 600 2288 utinam
623 2218 956 2307 veteres'peragrantes
979 2248 1061 2289 more
1085 2230 1221 2305 puellae;

328 2355 397 2394 cum
427 2334 603 2410 Philelphus
635 2335 686 2394 illo
721 2356 748 2394 a.
778 2341 862 2400 1398
894 2339 1001 2408 11111,
1033 2358 1059 2398 a.
1089 2341 1168 2400 1481
1195 2336 1366 2395 Florentiae
1397 2336 1447 2394 de-

327 2424 464 2494 cesserit,
496 2427 620 2500 apparet
651 2443 711 2500 quo
741 2425 808 2484 iure
840 2425 1038 2485 Baehrensius
1071 2426 1107 2485 de
1137 2425 1328 2485 Ambrosiani
1356 2443 1447 2483 manu

327 2513 490 2572 recentiore
513 2512 702 2574 iudicaverit.

417 2620 552 2696 Denique
575 2639 630 2695 pro
653 2639 742 2680 versu
765 2620 824 2696 III,
849 2626 879 2692 4,
906 2626 965 2697 65,
995 2641 1085 2698 quem
1109 2641 1145 2680 ex
1167 2622 1336 2699 fragmento
1361 2619 1447 2680 Ouia·

328 2710 413 2770 ciano
443 2710 529 2769 nobis
560 2710 720 2770 restituere
744 2711 891 2788 contigit,
923 2731 993 2770 eum
1015 2711 1249 2772 Lachmanuiani
1273 2711 1446 2771 exhibeant:

435 2815 549 2876 Saevus
573 2835 656 2874 amor
679 2817 783 2878 docuit
806 2805 952 2877 dominae‘
966 2818 1030 2877 fera
1053 2821 1146 2878 verba
1168 2819 1321 2888 minantis,

329 2922 442 2982 codices
465 2921 678 2982 Baehrensiani
702 2923 828 2981 tradunt
850 2923 945 2993 nihil,
980 2923 1038 2982 uisi
1062 2925 1141 3000 quod
1174 2921 1205 2982 in
1229 2923 1255 2983 G
1287 2925 1324 2981 ab
1355 2923 1448 2982 altera

328 3031 419 3071 manu
443 3012 617 3071 correctrice
640 3012 770 3071 Pontani
793 3031 898 3071 versus
923 3014 1078 3090 appositus
1103 3017 1163 3073 est:

350 3180 353 3188 ,
381 3195 383 3200 ,
435 3118 521 3178 Flere
543 3130 597 3178 nec
621 3119 801 3195 antepedes
825 3098 1341 3195 111111111111111111111111).

330 3225 449 3285 Codices
479 3228 580 3284 autem
612 3225 728 3301 aliquot
759 3226 930 3285 recentioris
963 3226 1072 3286 aetatis
1096 3245 1217 3286 versum
1240 3221 1448 3304 fragmentiF

329 3315 429 3401 ipsum
444 3316 474 3373 in
492 3317 652 3375 verborum
676 3317 819 3374 contextu
843 3316 992 3387 exhibent,
1016 3319 1136 3392 praeter
1152 3316 1271 3376 Pocchii
1295 3318 1325 3375 et
1337 3313 1449 3373 Perreii

330 3408 469 3480 excerpta
493 3406 613 3464 vetusta
637 3405 750 3464 codices
775 3403 992 3477 Corvinianus,
1018 3405 1179 3464 Vossianus
1201 3405 1321 3475 tertius,
1347 3403 1449 3462 Mona·

330 3493 469 3570 constal),
496 3475 575 3566 Ι1111,
611 3512 686 3570 quos
722 3512 822 3553 omnes
854 3514 889 3553 ex
911 3495 964 3552 illo
987 3494 1063 3554 libro
1088 3495 1201 3570 optimo
1224 3495 1359 3554 virorum
1382 3494 1449 3552 doc-

329 3586 430 3642 torum
463 3583 574 3643 saeculi
597 3582 653 3640 XV
686 3602 776 3658 opera
807 3602 928 3642 versum
959 3584 1123 3659 accepisse,
1157 3603 1213 3662 ego
1246 3584 1366 3660 quidem
1397 3601 1449 3657 pro

330 3675 412 3733 certo
435 3673 539 3746 habac,
565 3672 687 3734 cumin
715 3672 756 3730 eis
779 3673 898 3731 nullum
922 3673 1085 3750 vestigium
1109 3673 1266 3733 meliorum
1288 3673 1450 3733 lectionum

331 3783 422 3838 quam
445 3781 519 3839 quas
543 3761 657 3822 codices
679 3760 863 3821 Lachmanni
890 3765 920 3821 et
942 3762 1105 3822 Baehrensi
1127 3765 1282 3840 praebent,
1306 3763 1449 3840 indagare

421 4017 447 4085 1)
466 4019 639 4076 lachmanni
658 4037 753 4088 appar.
773 4019 834 4074 crit.
855 4019 892 4072 ad
910 4019 984 4074 hune
1002 4019 1102 4073 locum.

421 4115 448 4183 2)
468 4117 498 4172 si
517 4134 550 4170 ea
568 4133 640 4188 qiiae
658 4117 782 4186 Heynius
801 4117 833 4170 in
851 4117 893 4172 ed.
913 4135 963 4171 sua
980 4117 1020 4170 IV
1039 4136 1085 4186 pg.
1105 4117 1212 4170 XXVH
1231 4117 1266 4171 de
1285 4117 1450 4171 Corviniano

299 4219 300 4222 ¹
329 4189 463 4255 tradidit,
489 4207 552 4244 cum
570 4189 731 4246 Monacensi
756 4190 894 4254 conferas,
920 4189 1092 4243 arbitrabere
1115 4189 1234 4243 fortasse
1257 4188 1359 4242 librum
1378 4188 1450 4248 hunc

332 4280 418 4320 unum
438 4261 609 4336 eundemque
629 4279 688 4322 esse
707 4263 792 4335 utque
811 4260 901 4329 illum,
920 4263 970 4321 aut
989 4264 1064 4321 certe
1083 4260 1265 4320 simillimum,
