3242 5084
801 474 1018 532 -25..

348 645 463 704 mendis
493 645 627 704 levitatis
660 647 709 706 vel
735 647 923 725 ignorantiae
947 646 1156 720 librariorum,
1188 649 1349 706 verborum
1371 649 1469 706 trans·

348 734 557 809 positionibus,
582 735 751 796 diversitati
780 736 1028 813 orthographiae,
1056 737 1210 796 vocabulis
1232 737 1361 812 denique
1384 756 1470 812 prae·

348 823 493 882 termissis
508 823 555 883 vel
571 824 641 884 cuni
656 825 806 885 similibus
829 827 1032 885 commutatis.
1067 825 1202 902 Exempli
1226 826 1327 902 gratia
1350 822 1470 884 afferam

348 912 417 972 has:
437 911 463 987 Ι,
481 917 515 977 3:
532 913 574 972 A:
588 914 637 991 egi
651 915 853 990 utet-elysios,
870 914 914 973 V:
938 914 1166 992 egrotetelyos.
1187 914 1229 986 H,
1244 920 1279 978 4:
1300 916 1342 973 A:
1361 914 1469 990 pretia,

349 1001 391 1060 V:
407 1021 542 1062 munera.
558 1001 600 1073 II,
618 1007 655 1068 6:
673 1003 715 1062 A:
734 1007 809 1076 erat,
834 1004 880 1065 V:
897 1007 998 1075 creat:
1021 1003 1053 1062 in
1070 1003 1141 1062 libri
1155 1003 1188 1062 ΙΙ
1203 1004 1342 1064 lemmate
1358 1003 1470 1081 elegiae

348 1091 473 1150 alterius
488 1091 516 1147 V
532 1091 640 1152 codicis
662 1093 804 1153 librarius
828 1093 985 1168 archetypi
1006 1093 1165 1153 lectionem
1187 1113 1266 1169 quae
1288 1095 1353 1153 erat
1380 1092 1469 1166 ,Cor-

347 1182 477 1239 nutnm“
503 1180 579 1240 falso
594 1181 627 1239 in
644 1182 877 1258 ,chorintbum“
903 1182 1102 1242 commutavit
1122 1201 1207 1242 mera
1227 1181 1467 1258 interpolatione,

348 1288 410 1346 qua
433 1270 524 1329 etiam
548 1270 661 1349 elegiae
683 1290 778 1331 nonae
799 1272 871 1332 libri
882 1271 926 1329 IV
950 1274 1183 1349 argumentum:
1211 1272 1278 1346 ,Ad
1301 1271 1469 1333 Thuratum

348 1359 385 1418 de
406 1359 501 1418 natali
524 1359 591 1418 die“
618 1360 646 1418 A
670 1364 701 1421 et
726 1360 795 1436 „Ad
818 1362 1011 1420 theorotnm“
1038 1360 1066 1416 V
1090 1365 1228 1420 exortum
1259 1380 1321 1421 esse
1344 1361 1408 1420 veri
1431 1360 1469 1421 si-

347 1448 508 1507 millimum
531 1451 595 1521 est,
628 1469 696 1509 cum
720 1469 828 1510 nomen
851 1450 928 1509 illud
951 1470 987 1510 ex
1011 1450 1175 1509 Chorintbo
1204 1449 1236 1508 id
1260 1453 1305 1510 est
1329 1449 1469 1509 Cerintho

348 1537 575 1613 depravaretur.
621 1539 782 1600 Praeterea
812 1541 844 1598 in
872 1543 1004 1615 utroque
1026 1540 1105 1600 libro
1127 1539 1156 1598 A
1179 1541 1210 1598 et
1233 1539 1260 1595 V
1284 1539 1387 1617 elegiis
1410 1539 1470 1598 sin·

348 1627 428 1704 gulia
451 1626 569 1686 numeri
591 1646 650 1687 non
674 1633 746 1688 sunt
769 1629 942 1704 praepositi,
966 1630 1134 1688 carminum
1156 1628 1278 1688 libellus
1301 1631 1430 1704 quartus
1453 1648 1470 1686 a

348 1716 439 1776 tertio
461 1715 546 1775 nulla
569 1719 642 1776 nota
665 1717 831 1790 dividitur,
856 1721 925 1794 post
947 1736 1069 1777 versum
1091 1716 1150 1789 ΙΙΙ,
1176 1723 1206 1792 6,
1232 1723 1275 1782 64
1297 1718 1402 1777 statim
1425 1736 1470 1777 se·

348 1805 456 1880 quitur
485 1824 603 1866 carmen
626 1806 680 1878 IV,
709 1812 763 1882 12,
796 1808 877 1884 quod
906 1807 1080 1883 epistolium
1103 1805 1253 1882 Sulpiciae
1282 1806 1395 1866 iterum
1416 1825 1470 1866 suo

347 1894 412 1955 loco
445 1899 603 1954 exaratum
634 1899 727 1956 extat.
781 1897 920 1974 Denique
952 1900 1082 1973 uterque
1114 1899 1183 1972 post
1209 1915 1327 1956 carmen
1350 1895 1403 1970 IV,
1431 1901 1470 1960 14

351 1983 559 2060 ,epitaphium
580 1983 712 2045 Tibulli“
738 1986 816 2046 illud
838 1987 919 2063 quod
942 1985 1182 2064 fragmentumB
1205 1985 1338 2045 Domitio
1360 1985 1468 2056 Marso,

348 2073 400 2132 alii
422 2073 536 2133 codices
559 2074 645 2134 velut
668 2074 863 2136 Eboracensis
892 2079 923 2134 et
945 2075 1131 2135 Monacensis
1153 2073 1261 2134 Ovidio
1285 2070 1469 2145 adscribunt,

348 2181 410 2222 una
433 2182 502 2222 cum
525 2161 640 2223 Tibulli
663 2165 728 2223 vita
751 2165 882 2226 exbibet.

436 2251 502 2310 Iam
525 2271 560 2310 ex
583 2252 639 2313 bac
662 2254 823 2332 utriusque
845 2254 1042 2315 similitudine
1065 2256 1157 2330 atque
1188 2254 1261 2313 adeo
1286 2252 1470 2329 aequalitate

347 2344 428 2401 recte
460 2342 637 2416 concludas,
671 2344 784 2404 codices
817 2345 871 2404 hos
903 2365 939 2404 ex
970 2345 1073 2404 eodem
1104 2344 1187 2402 fonte
1218 2361 1281 2402 esse
1309 2342 1469 2411 derivatos

348 2431 567 2491 vetustissimas
594 2432 686 2491 unius
716 2433 848 2493 familiae
877 2435 1066 2511 propagines
1124 2432 1243 2492 Gentius
1274 2450 1346 2492 vero
1378 2450 1470 2508 argu·

347 2523 484 2580 mentum
503 2521 688 2598 cognationis
707 2522 738 2581 in
759 2523 862 2602 elegiis
877 2523 950 2599 ipsis
969 2526 1061 2592 extat,
1079 2521 1159 2598 quod
1178 2523 1307 2597 uterque
1325 2521 1470 2597 plurimas

347 2611 471 2686 praebet
500 2609 657 2682 lectiones,
689 2631 767 2687 quae
795 2613 853 2670 nisi
885 2632 921 2671 ex
951 2631 1012 2672 uno
1041 2612 1205 2687 eodemque
1227 2611 1328 2670 codice
1349 2609 1470 2668 fluxisse

347 2717 407 2758 non
439 2701 573 2774 possunt.
620 2698 704 2760 Inter
735 2720 810 2777 quas
839 2702 877 2761 ad
907 2701 981 2761 hanc
1012 2700 1218 2778 quaestionem
1247 2699 1469 2759 diiudicandum

347 2788 505 2847 maximam
518 2788 580 2847 vim
596 2789 709 2849 habent
734 2809 785 2850 eae
809 2810 888 2866 quae
911 2791 987 2850 falsa
1010 2791 1130 2867 apicum
1153 2790 1201 2849 vel
1224 2789 1468 2865 compendiorum

347 2877 593 2953 interpretatione
616 2882 706 2937 natae
729 2879 880 2944 videntur.
926 2881 1059 2940 Afferam
1082 2880 1179 2957 igitur
1203 2881 1347 2937 extento
1370 2896 1468 2937 exem·

347 2967 466 3043 plorum
482 2985 607 3028 numero
623 2987 719 3043 pauca
732 2968 820 3030 haec:
843 2968 870 3041 I,
887 2975 914 3040 1,
933 2974 989 3034 37:
1005 2968 1087 3029 AV:
1104 2971 1145 3041 et,
1161 2964 1319 3049 A¹BG¹):
1336 2986 1362 3038 e,
1375 2964 1417 3029 G:
1433 2966 1469 3025 de

347 3055 372 3128 Ι,
387 3061 417 3127 4,
431 3056 488 3120 29;
504 3055 587 3114 AV:
612 3060 643 3116 te
658 3057 767 3133 perdit,
791 3055 999 3119 A¹BOV²Gt
1024 3058 1170 3134 deperdit,
1194 3057 1365 3131 11,1,45;
1388 3055 1468 3114 AV:

347 3145 456 3216 Antea,
470 3141 533 3205 A¹d
543 3143 583 3206 G:
600 3146 711 3206 Aurea.
736 3147 777 3222 II,
795 3154 826 3222 4,
845 3152 903 3213 33:
919 3148 997 3207 AV:
1013 3149 1137 3219 incerta,
1150 3147 1231 3223 quod
1242 3145 1422 3206 Baehrensio
1435 3164 1470 3204 ex

347 3237 427 3298 victa
444 3261 478 3287 =
496 3235 597 3295 vincte
620 3240 758 3296 exortum
781 3237 913 3308 videtur,
937 3257 1068 3314 proquo
1092 3237 1210 3311 „viota“
1229 3238 1310 3298 recte
1326 3235 1469 3311 praebent

197 3298 201 3306 ’
300 3365 304 3373 .
347 3319 454 3383 Avo.
470 3323 512 3395 ΙΙ,
530 3329 561 3396 4,
578 3330 638 3388 44:
662 3325 773 3385 ava:
797 3327 968 3403 obsequias,
993 3324 1105 3386 noa:
1131 3326 1281 3403 exequias.
1305 3324 1347 3396 11,
1362 3330 1393 3395 4,
1408 3327 1467 3388 59:

347 3413 428 3471 AV:
453 3412 485 3472 Si
501 3433 570 3488 non,
587 3415 697 3474 ceteri:
722 3413 753 3474 si
769 3416 867 3475 modo.
890 3415 932 3487 Π,
951 3422 981 3488 5,
999 3422 1060 3482 35:
1077 3414 1189 3474 AVB:
1212 3414 1341 3490 Illoque,
1359 3413 1467 3474 ceteri:

346 3503 413 3562 Illa.
437 3502 479 3573 Π,
505 3508 534 3574 5,
562 3508 643 3568 116:
668 3503 749 3563 AV:
774 3505 873 3580 opida,
897 3506 1005 3566 ceteri:
1029 3505 1140 3581 oppida
1156 3504 1242 3579 (item
1257 3502 1312 3578 IV,
1332 3508 1361 3577 l,
1381 3502 1467 3576 174).

347 3591 388 3663 Π,
404 3598 433 3666 6,
451 3596 508 3656 32:
525 3591 635 3650 AVB:
652 3593 761 3667 ferant,
778 3595 888 3654 ceteri:
905 3595 1010 3654 feram.
1034 3594 1076 3666 Il,
1094 3599 1124 3665 6,
1141 3598 1201 3658 46:
1227 3592 1304 3651 AV:
1325 3596 1468 3667 tuncque,

348 3682 429 3758 quod
452 3681 626 3757 compendio
649 3701 742 3758 prave
764 3683 850 3743 illato
875 3687 1013 3744 exortum
1036 3683 1157 3744 videtur
1182 3703 1217 3742 ex
1246 3684 1342 3757 ,itq;“
1369 3681 1467 3758 (ten),

347 3772 440 3831 ceteri
454 3772 552 3832 recte:
577 3771 672 3847 itque.
696 3771 754 3844 HI,
783 3779 810 3846 1,
838 3777 896 3837 15:
921 3772 1034 3832 AVB:
1058 3773 1181 3844 Parvos,
1198 3772 1307 3833 ceteri:
1332 3771 1467 3831 Parvos.

347 3859 405 3931 ΙΙΙ,
433 3866 461 3934 1,
489 3862 545 3924 16:
584 3860 695 3920 AVB:
726 3864 917 3934 umbrosam,
950 3863 1055 3924 ceteri:
1087 3863 1235 3922 umbram.
1267 3859 1325 3936 ΙΙΙ,
1351 3864 1382 3934 3,
1409 3863 1466 3923 14:

348 3949 457 4009 AVB:
494 3948 640 4024 tharistc,
673 3951 780 4011 ceteri:
818 3954 945 4028 caryste.
980 3951 1043 4023 III,
1077 3955 1107 4025 3,
1132 3956 1192 4016 21:
1228 3946 1308 4008 AV:
1344 3947 1467 4017 homini,

348 4039 452 4099 ceteri:
489 4039 652 4102 hominum.
688 4039 746 4112 HI,
779 4046 809 4112 4,
835 4045 874 4105 9:
908 4040 1019 4100 AVB:
1055 4043 1162 4100 natum
1192 4042 1346 4111 maturas,
1377 4034 1466 4097 A¹G2

348 4148 461 4189 vanum
483 4132 626 4203 ventura,
658 4149 694 4189 ex
717 4150 776 4206 qua
808 4130 969 4190 lectionum
994 4128 1161 4190 differentia
1184 4129 1360 4190 concludere
1382 4145 1467 4206 posse

437 4320 464 4391 1)
481 4326 551 4378 nota
568 4319 601 4378 Α)
621 4322 745 4380 codicem
763 4324 966 4382 Eboracensem
984 4324 1142 4397 significare
1159 4326 1263 4396 placet
