3242 5084
623 491 840 550 ...27-

170 662 244 721 mihi
260 661 372 737 videor,
388 665 420 722 in
435 664 535 725 codice
551 666 711 742 archetypo
728 668 883 726 exaratum
896 665 1002 725 fuisse:
1018 670 1122 725 actum
1136 641 1243 728 maiae
1258 666 1291 742 ¹),

170 752 214 811 ita
229 754 265 810 ut
288 751 343 812 hoe
367 773 402 812 ex
425 754 524 813 minus
546 756 627 814 recte
649 755 802 815 intellecta
824 755 975 831 scriptura
998 774 1075 831 quae
1101 757 1166 814 arat
1188 761 1293 817 amma

170 837 278 901 taccias
311 841 432 903 fluxisse
465 843 530 902 veri
564 843 749 902 simillimum
783 845 841 918 sit:
876 844 984 904 codicis
1017 843 1159 903 Wittiani
1196 846 1293 924 igitur

170 929 311 990 librarius
326 933 595 1000 recteemendavit
613 936 738 1007 ,uatum
757 932 788 993 in
805 938 925 1005 euras“,
949 951 1041 1009 quam
1057 934 1293 995 emendationem

169 1019 353 1095 improbasse
375 1022 468 1081 miror
491 1021 745 1099 Bubendeiumll,
769 1023 823 1099 qui
845 1022 894 1082 vir
917 1023 1023 1083 doctus
1045 1022 1155 1083 codicis
1178 1018 1292 1084 Ebora-

169 1109 263 1169 censis
291 1110 449 1170 leetionem
481 1112 595 1170 variam
630 1131 760 1186 ,vanum
783 1115 953 1183 metuens“,
987 1112 1051 1171 sine
1081 1112 1175 1173 dubio
1198 1114 1293 1173 inter·

169 1198 319 1274 polatione
336 1203 470 1260 exortam
485 1201 516 1258 iu
522 1203 651 1275 lcitum
665 1201 867 1277 recipiendam
882 1219 945 1261 esse
967 1200 1094 1260 censuit.
1125 1200 1292 1271 Quominua

169 1287 331 1348 Baehrensi
344 1289 547 1350 coniecturam
566 1309 698 1365 „vanum
710 1292 876 1351 eventura“
892 1289 1082 1366 accipiamus,
1099 1291 1293 1368 prohibemur

169 1395 203 1436 eo
227 1378 307 1453 quod
339 1379 430 1439 codex
453 1377 728 1457 Guelferbytanus,
762 1381 850 1440 ouius
880 1379 1008 1441 lectione
1034 1380 1085 1439 ille
1107 1380 1231 1454 nititur,
1256 1383 1293 1439 ut

168 1466 247 1526 infre
270 1467 459 1540 docebimus,
492 1487 550 1528 non
583 1469 627 1528 ita
657 1470 889 1545 interpolatione
921 1470 970 1530 vel
993 1469 1170 1530 emendandi
1192 1469 1292 1529 studio

169 1556 246 1616 liber
269 1557 400 1628 videtur,
424 1577 522 1635 neque
544 1557 743 1638 intellegitur,
768 1559 916 1636 quomodo
939 1559 1044 1618 littera
1058 1578 1072 1617 s
1088 1558 1142 1618 illa
1157 1560 1293 1635 potuerit

168 1645 309 1722 irrepere,
333 1666 401 1707 eum
417 1647 448 1706 in
463 1650 528 1710 toto
545 1667 635 1708 versu
658 1649 776 1708 nullum
802 1648 985 1709 vocabulum
1007 1651 1133 1721 extaret,
1158 1649 1196 1708 ad
1212 1649 1293 1724 quod

169 1737 360 1796 accusativus
383 1737 511 1814 pluralis
533 1737 670 1798 feminini
688 1740 861 1813 ,maturas“
880 1735 1085 1812 referretur⁸).
1109 1736 1168 1808 III,
1185 1744 1216 1813 4,
1236 1742 1291 1801 17:

168 1823 298 1884 AVBO:
324 1826 491 1898 ethereum,
515 1823 607 1886 A¹Gr
632 1827 808 1890 aetherium.
841 1827 898 1898 ΠΙ,
916 1831 946 1899 4,
973 1831 1031 1892 87:
1056 1823 1197 1886 AVA¹B:
1222 1844 1292 1886 eon-

169 1914 353 1992 sanguinea,
388 1914 456 1975 OG:
490 1916 571 1976 canis
606 1917 765 1994 anguinea.
801 1917 860 1989 ΙΙΙ,
893 1921 923 1987 5,
957 1920 1014 1980 29:
1051 1913 1153 1977 AVB:
1188 1914 1294 1992 Atque

169 2001 266 2075 abbis,
290 2000 405 2064 mcc:
431 2004 473 2064 At
489 2005 575 2065 vobis
592 2006 666 2082 (velt
686 2007 794 2081 nobis).
819 2005 878 2077 ΙΙΙ,
896 2009 925 2079 6,
944 2010 979 2069 8:
1003 2001 1124 2064 AVBd:
1149 2004 1292 2080 Pulserit,

168 2093 278 2152 ceteri:
301 2093 444 2155 Fulserit.
468 2093 526 2165 III,
552 2099 581 2166 6,
609 2100 666 2160 15:
690 2095 788 2154 AVB:
814 2095 970 2166 Armenes,
995 2095 1100 2154 ceteri:
1124 2093 1292 2155 Armenias.

167 2180 223 2254 lv,
251 2189 279 2254 l,
304 2188 365 2248 4οτ
389 2183 463 2242 AV:
487 2183 536 2244 hic
559 2187 615 2244 aut
638 2185 695 2245 tibi
719 2181 864 2264 (alterum
887 2184 935 2244 hic
958 2183 1151 2261 omiserunt),
1175 2183 1220 2242 B:
1244 2183 1293 2244 hic

169 2271 306 2348 (solum),
341 2271 455 2332 FGG:
495 2273 543 2332 hic
571 2276 626 2334 aut
656 2275 705 2334 hie
736 2275 803 2335 tibi.
842 2273 898 2345 IV,
932 2280 959 2344 l,
986 2277 1045 2337 ὅθι
1081 2272 1167 2331 AV:
1201 2270 1293 2337 cessit

167 2360 311 2434 tthueae,
343 2362 451 2422 ceteri:
483 2362 572 2423 cessit
600 2366 630 2424 et
653 2367 766 2426 etneae.
792 2363 846 2434 IV,
875 2369 903 2434 l,
929 2368 987 2427 70:
1021 2361 1111 2420 AV:
1135 2363 1291 2436 terminae,

167 2446 332 2511 masc:
365 2453 568 2530 tergeminae,
600 2452 747 2513 Fracte:
778 2454 859 2512 iuter
888 2453 1033 2530 geminae.
1062 2450 1121 2522 IV,
1149 2456 1183 2523 l,
1211 2456 1290 2516 113:

168 2539 291 2600 AVB:
326 2543 485 2601 renovarat
519 2544 585 2618 (per
616 2533 817 2626 ἡμιγραφίαν
852 2561 887 2601 ex
924 2542 1173 2617 „renovaverat“,
1209 2541 1290 2617 quod

152 2631 311 2706 -praebent
327 2627 431 2707 A¹0.).
466 2629 519 2704 IV,
540 2636 568 2703 1,
586 2635 665 2696 200:
694 2637 786 2707 „nec“
812 2631 914 2691 omisit
935 2634 1074 2707 uterque.
1098 2628 1153 2703 IV,
1177 2634 1207 2701 2,
1231 2635 1289 2694 14:

167 2718 292 2778 AVB:
316 2719 396 2779 hunc
420 2721 638 2796 (extremae
660 2724 822 2797 exortum),
846 2721 956 2782 ceteri:
980 2719 1082 2779 habet.
1106 2718 1161 2791 IV,
1179 2724 1209 2791 3,
1229 2724 1289 2784 18:

167 2808 196 2867 A
211 2808 257 2868 V:
282 2808 338 2880 Da,
362 2809 470 2869 ceteri:
495 2809 551 2869 Ne.
576 2809 631 2882 IV,
650 2816 679 2883 5,
700 2817 739 2876 16
756 2812 923 2877 omiserunt
944 2810 1042 2886 spatio
1065 2827 1162 2868 vacuo
1185 2809 1290 2869 relicto

168 2899 350 2958 vocabulum
366 2899 447 2976 quod
463 2902 508 2961 est
527 2904 640 2974 ,nos“;
664 2900 720 2961 boe
736 2901 816 2961 enim
838 2903 958 2977 praeter
977 2899 1002 2956 B
1018 2898 1164 2975 praebent
1186 2898 1289 2959 ceteri.

258 3126 285 3195 1)
304 3129 390 3184 Vides
409 3148 494 3198 quam
513 3130 596 3185 facile
614 3130 684 3185 haec
701 3130 846 3200 potuerint
870 3129 1015 3184 confundi:
1041 3130 1141 3181 natum
1164 3129 1290 3180 maturas

168 3203 197 3255 et
214 3204 441 3256 uanumueruras.
467 3201 511 3256 Ne
525 3202 643 3256 fortasse
654 3201 774 3256 conicias
797 3219 914 3266 ,vanum
925 3199 1041 3254 natura“
1063 3198 1169 3253 eisdem
1188 3197 1289 3267 quibus

167 3271 331 3328 Baehrensii
350 3273 509 3328 coniectura
527 3273 681 3343 repellitur,
700 3271 856 3326 rationibus
876 3271 1038 3342 prohiberis.

257 3376 285 3442 2)
306 3376 487 3442 Quaestiones
506 3377 692 3443 Tibullianae,
711 3377 824 3447 scripsit
842 3377 977 3433 Henricus
996 3377 1157 3448 Bubendey,
1175 3379 1289 3434 Bonnae

169 3447 247 3513 1864,
265 3465 312 3518 pg.
323 3447 366 3502 34.
394 3448 536 3514 Quomodo
554 3449 598 3504 vir
615 3449 713 3504 doctus
732 3449 900 3504 contendere
909 3449 1042 3519 potuerit,
1060 3450 1160 3504 melius
1175 3453 1290 3519 poetam

168 3519 260 3574 dicere
278 3520 403 3574 homines
423 3519 472 3588 qui
490 3521 585 3575 omina
602 3520 692 3576 noctis
711 3520 834 3590 placent,
852 3523 975 3576 metuere
994 3520 1065 3575 haec
1084 3519 1125 3587 (id
1139 3521 1214 3589 quod
1232 3521 1290 3575 iam

167 3591 352 3662 praecedente
370 3609 452 3646 versu
471 3589 605 3658 dixerat),
631 3609 717 3661 quam
740 3593 867 3646 homines
893 3592 925 3646 in
948 3610 1028 3646 curas
1047 3596 1129 3647 natos
1148 3609 1291 3656 essenon

168 3662 311 3733 intellego.
349 3663 393 3716 An
412 3663 486 3731 quod
504 3663 570 3718 talis
590 3664 731 3719 sententia
749 3663 964 3734 interrogationi
982 3681 1040 3718 uon
1058 3664 1215 3734 congruat?
1251 3665 1290 3719 At

167 3733 271 3788 iniuria
289 3733 483 3788 Lachmannus
506 3735 735 3805 interrogationis
762 3735 875 3806 signum
892 3735 985 3790 versui
1003 3735 1068 3790 huic
1087 3735 1221 3800 subiecit;
1241 3735 1290 3790 cfr,

167 3805 278 3860 Disseni
297 3805 363 3860 edit.
382 3805 409 3858 Π
427 3824 474 3876 pg.
493 3805 555 3872 345,
575 3806 710 3877 Scaligeri
729 3810 797 3862 cast.
817 3825 865 3877 pg.
886 3807 946 3862 166.

257 3910 285 3980 3)
306 3911 379 3978 Quid
397 3913 472 3980 quod
490 3913 536 3968 vel
553 3931 649 3968 versus
667 3916 757 3968 metro
775 3914 845 3968 haec
863 3913 1024 3968 coniectura
1047 3913 1207 3984 repellitur:
1226 3933 1291 3970 nus·

169 4001 254 4053 quam
279 3984 354 4039 enim
376 3983 406 4036 in
432 3983 538 4038 Tibulli
563 3987 613 4038 aut
631 3984 769 4055 Lygdami
788 3984 958 4039 carminibus
981 3985 1048 4038 talis
1067 3985 1097 4038 in
1115 3985 1177 4055 ipsa
1195 4003 1290 4041 versus

169 4073 284 4110 caesura
296 4055 375 4110 elisio
384 4055 530 4124 reperitur.
557 4055 619 4110 Huc
632 4055 742 4113 accedit
760 4056 834 4125 quod
852 4056 1021 4111 vocabulum
1037 4057 1103 4110 vani
1122 4057 1290 4126 ubicumque

170 4127 204 4192 de
222 4127 380 4196 homiuibus
398 4131 551 4196 usurpatur
570 4169 576 4193 ,
595 4146 739 4197 nunquam
757 4128 815 4182 vim
834 4127 909 4182 vocis
928 4145 1000 4196 quae
1024 4130 1067 4182 est
1085 4129 1222 4194 credulus,
1241 4129 1291 4184 sed

169 4198 363 4266 tantummodo
387 4197 507 4266 bomipis
526 4199 642 4269 gloriosi
659 4199 705 4258 vel
723 4199 833 4254 fallacis
850 4199 1149 4324 pleeuduliquehabere
1165 4200 1289 4265 videtur:

879 4311 886 4344 i

170 4287 237 4335 cave
262 4289 325 4336 cum
348 4271 400 4336 boc
423 4287 505 4334 versu
530 4271 655 4336 romeus
681 4269 747 4336 Tm
765 4270 832 4334 bist
905 4270 940 4326 22
957 4289 984 4329 r·
1005 4269 1038 4325 14
1056 4269 1179 4339 Halmii,
1205 4271 1289 4344 Verg.

170 4342 238 4409 Aen,
257 4341 291 4417 X,
309 4341 372 4416 631,
390 4339 478 4422 apga
496 4339 545 4416 III,
563 4342 589 4417 4,
608 4341 651 4407 56,

306 4463 321 4503 r
