3242 5084
793 462 992 526 ...2..

332 636 538 716 quaestionem
568 639 772 714 temptandam
797 639 949 698 Oonradus
971 639 1139 699 Bursianus
1171 641 1346 715 praeceptor
1368 657 1453 698 meus

332 729 434 788 sedulo
458 727 532 786 mihi
555 729 783 789 commendavit.

420 907 629 967 Lachmannus
651 907 748 984 igitur
776 926 845 966 cum
867 927 894 965 a.
923 912 1006 971 1829
1031 909 1147 983 primus
1170 907 1283 966 Tibulli
1314 907 1452 966 libellum

332 998 412 1056 iusto
429 998 578 1073 apparatu
594 995 697 1055 critico
715 996 900 1056 incaustum
924 998 1034 1068 ederet,
1059 1018 1094 1057 ex
1117 997 1214 1055 multo
1236 997 1349 1056 maiore
1373 998 1452 1071 quod

332 1087 358 1148 ei
381 1090 501 1163 praesto
526 1089 599 1159 erat,
624 1085 825 1145 instrumento
849 1085 963 1145 codices
979 1087 1090 1146 saeculi
1106 1086 1162 1144 XV
1186 1086 1293 1162 selegit
1317 1086 1452 1161 quinque

333 1175 386 1252 qui
401 1177 459 1251 ipsi
475 1175 618 1234 fidissima
629 1178 734 1249 poetae
751 1176 925 1234 emendandi
941 1176 1089 1251 praesidia
1104 1177 1294 1234 videbantur.
1318 1173 1451 1244 Quorum

332 1265 447 1340 primus
479 1283 569 1341 quem
597 1268 634 1322 ut
664 1265 798 1323 omnium
829 1265 979 1339 optimum
1009 1265 1112 1324 littera
1135 1265 1162 1323 A
1186 1265 1314 1337 notavit,
1339 1265 1453 1322 Ebora-

332 1355 427 1414 censis
450 1375 477 1412 a.
506 1358 589 1417 1125
615 1356 765 1425 exaratae,
791 1374 808 1413 a
831 1354 955 1414 Nicolao
978 1353 1103 1413 Heinsio
1130 1357 1167 1413 ut
1190 1354 1255 1413 viro
1279 1354 1366 1413 docto
1390 1373 1453 1413 sae-

331 1445 392 1504 culi
414 1442 503 1501 XVII
534 1461 594 1502 non
624 1443 669 1502 ita
701 1443 863 1520 diligenter
894 1447 959 1502 erat
989 1462 1140 1502 excussus
1187 1444 1275 1502 Alter
1298 1442 1452 1502 Parisinus

332 1533 434 1610 regius
450 1537 483 1590 n⁰
502 1536 586 1596 7909
609 1532 783 1592 chartaceus
799 1533 869 1591 anni
889 1538 983 1604 1423,
1008 1552 1098 1608 quem
1122 1533 1225 1591 littera
1248 1532 1273 1588 B
1296 1532 1454 1609 insignivit

330 1622 550 1694 Lachrnannus,
576 1620 792 1681 Eboraeensem
815 1641 908 1697 prope
931 1641 1061 1697 aequare
1085 1623 1167 1680 visus
1191 1625 1236 1681 est
1261 1621 1452 1681 auctoritate.

331 1711 454 1786 Reliqui
476 1712 555 1781 tres,
580 1709 748 1770 Wittianus
771 1713 1034 1785 membranaceus,
1059 1731 1077 1768 a
1099 1711 1290 1770 Lachmanno
1313 1711 1417 1769 littera
1440 1731 1455 1769 1

330 1803 464 1871 notatus,
488 1800 635 1858 Datianus
652 1801 670 1858 d
687 1804 717 1859 et
732 1801 930 1859 Askewianus
946 1822 962 1860 e
978 1808 1108 1876 uterque
1124 1801 1299 1860 chartaceus
1315 1803 1454 1875 aspectu-

331 1909 390 1964 que
405 1889 510 1950 foedus
527 1889 622 1948 altera
638 1889 759 1948 demum
775 1891 886 1949 saeculi
901 1890 958 1947 XV
974 1892 1061 1966 parte
1085 1889 1189 1965 scripti
1212 1894 1299 1948 sunt:
1324 1908 1454 1964 quorum

331 1979 487 2038 consensui
510 1997 578 2037 eum
601 1998 740 2056 magnam
763 1977 973 2038 Lachmannus
996 1980 1145 2038 tribueret
1170 1979 1397 2050 auctoritatem,
1422 1979 1454 2036 in

331 2068 458 2146 singulis
488 2070 589 2127 tamen
619 2057 695 2128 111111
725 2068 794 2127 fidei
825 2069 921 2128 inesse
953 2069 1071 2128 statuit.
1119 2069 1242 2127 Praeter
1265 2068 1319 2127 hos
1342 2068 1455 2127 codices

259 2178 261 2186 ’
331 2159 474 2230 integrae,
499 2158 548 2216 sed
573 2158 747 2216 recentioris
772 2159 881 2216 aetatis
905 2158 963 2217 alia
987 2177 1107 2234 quoque
1131 2157 1304 2232 antiquiora
1326 2157 1370 2214 rei
1396 2157 1453 2215 cri-

331 2249 408 2308 ticae
425 2246 559 2305 subsidia
576 2247 723 2317 adhibuit,
742 2267 822 2323 quae
838 2248 875 2306 ad
888 2248 1023 2325 singulas
1038 2249 1160 2306 tantum
1176 2246 1272 2306 libelli
1289 2245 1454 2305 Tibulliani

331 2339 431 2412 partes
460 2338 605 2411 spectant.
653 2336 688 2394 In
720 2337 832 2411 quibus
860 2337 988 2396 maxime
1012 2337 1111 2395 elucet
1141 2335 1347 2414 fragmentum
1377 2335 1455 2393 illud

331 2427 541 2501 pervetustum
557 2429 648 2500 etque
663 2429 700 2485 ut
716 2427 838 2484 videtur
854 2427 1137 2499 emendatissimum,
1155 2425 1235 2501 quod
1247 2425 1308 2484 Jos.
1324 2423 1455 2500 Scaliger

330 2515 394 2574 Jae.
420 2513 539 2574 Ouiacio
563 2516 719 2590 acceptum
742 2516 888 2574 debebat:
921 2515 993 2575 haee
1015 2517 1188 2574 membrana
1210 2515 1324 2590 optima
1346 2514 1414 2572 inde
1437 2533 1454 2570 a

330 2604 478 2682 Lygdami
511 2604 624 2681 elegiae
648 2603 691 2661 IV
722 2623 812 2663 versu
837 2609 877 2668 65
908 2604 1053 2680 incipiens
1084 2605 1144 2663 duo
1175 2623 1295 2680 qnoque
1319 2603 1453 2677 Priapea‚

310 2682 311 2690 ¹
332 2693 454 2769 quaein
471 2693 577 2752 ceteris
601 2693 752 2752 codicibus
776 2712 835 2752 non
859 2695 972 2764 extant,
997 2693 1150 2769 complexa
1172 2711 1235 2752 esse
1257 2692 1399 2752 traditur.
1416 2726 1450 2734 -

331 2783 491 2842 Praeterea
513 2782 722 2841 Lachmannus
747 2783 783 2841 ad
807 2783 920 2842 Tibulli
944 2801 1048 2842 versus
1083 2782 1281 2842 emendandos
1311 2799 1386 2840 usus
1410 2785 1455 2839 est

332 2872 478 2947 excerptis
501 2892 579 2947 qnae
594 2871 772 2931 Vincentius
785 2872 1003 2932 Bellovaoensis
1027 2872 1106 2932 circa
1129 2876 1258 2935 11250
1282 2871 1313 2929 11
1333 2871 1454 2946 speculo

331 2980 385 3021 suo
417 2961 576 3020 doctrinali
609 2961 721 3036 passim
752 2961 876 3035 attulit,
908 2962 1048 3037 idemque
1078 2961 1176 3020 varias
1207 2960 1348 3019 lectiones
1379 2977 1454 3034 quas

332 3050 466 3128 Scaliger
489 3069 525 3109 ex
558 3051 732 3128 eclogarum
754 3051 854 3110 codice
885 3052 1015 3125 quodam
1038 3055 1140 3110 vetere
1163 3049 1292 3127 margini
1315 3048 1454 3108 editionis

331 3140 539 3199 Plautinianae
562 3161 589 3200 a.
618 3145 701 3204 1569
726 3141 850 3200 emissae
874 3141 1062 3215 ascripserat,
1088 3140 1240 3215 exipsius
1264 3139 1322 3197 viri
1345 3138 1454 3197 doctis-

332 3229 398 3288 simi
433 3229 683 3306 castigationibus
720 3233 750 3288 et
785 3228 903 3288 Heinsii
934 3229 1179 3288 adnotationibus
1209 3229 1239 3286 in
1276 3230 1454 3302 apparatum

333 3319 471 3378 criticum
502 3319 673 3393 assumpsit.
708 3353 747 3362 -
781 3318 935 3378 Postremo
970 3319 1061 3378 etiam
1092 3338 1140 3377 eas
1173 3335 1247 3393 quas
1280 3317 1455 3376 Franciseus

332 3408 462 3468 Puecius
480 3427 505 3466 a.
526 3413 610 3471 1502
628 3409 790 3483 exemplari
806 3409 945 3467 editionis
957 3408 1113 3486 Regiensis
1128 3408 1278 3468 adiecerat
1293 3406 1455 3466 lectionum

333 3497 493 3557 varietates
516 3498 678 3574 diligenter
712 3497 886 3571 adnotavit,
923 3517 992 3557 cnm
1022 3497 1197 3574 intellegere
1221 3495 1278 3555 sibi
1302 3496 1455 3554 videretur

333 3587 433 3645 virum
456 3586 544 3645 illurn
568 3586 690 3645 doctum
713 3586 884 3662 antiquiore
908 3606 999 3661 quam
1031 3586 1126 3645 nostri
1149 3586 1220 3644 libri
1242 3588 1332 3659 sunt,
1357 3585 1456 3644 codice

333 3675 504 3735 Tibulliano
528 3693 616 3734 usum
641 3694 713 3735 esse.
1075 3687 1079 3694 '

422 3765 495 3824 Post
518 3765 743 3824 Lachmannum
767 3767 870 3824 autem
894 3784 972 3823 nova
988 3763 1101 3823 Tibulli
1125 3763 1299 3822 emendandi
1323 3762 1456 3821 subsidia

333 3855 415 3914 nacti
445 3873 568 3925 sumus,
602 3855 732 3929 primurn
767 3855 906 3929 excerpta
929 3853 1168 3932 Frisingensia1)
1200 3853 1231 3911 in
1255 3852 1354 3911 codiee
1377 3871 1456 3910 nune

334 3944 501 4004 Monacensi
518 3949 551 4002 n⁰
565 3948 649 4008 6292
676 3944 817 4015 extantia,
843 3944 953 4003 saeculi
970 3943 1022 4013 XI,
1047 3962 1229 4019 quamquam
1246 3942 1319 4000 satis
1336 3941 1453 4018 exigua,

426 4173 452 4241 1)
470 4173 660 4242 Frisingensia
677 4177 808 4244 excerpta
822 4173 928 4227 Tibulli
945 4173 1051 4242 primus
1071 4173 1101 4226 in
1119 4172 1210 4227 lucem
1229 4171 1319 4227 edidit
1336 4174 1366 4225 et
1383 4173 1455 4224 trac-

334 4249 409 4301 tavit
427 4247 564 4300 Lucienus
583 4244 734 4298 Muellerus
752 4247 782 4298 in
801 4245 975 4300 Fleckeiseni
993 4245 1086 4298 annal.
1105 4243 1159 4298 vol.
1173 4245 1216 4307 99,
1235 4263 1282 4313 pg.
1293 4243 1407 4307 (tt-77,
1427 4245 1455 4295 et

334 4321 365 4373 in
384 4318 514 4372 editionis
533 4334 600 4370 suae
619 4315 796 4370 Tibullianae
815 4318 903 4386 praef.
922 4335 970 4385 pg.
989 4317 1056 4369 VIII
1075 4334 1134 4383 sqq.
