3242 5084
251 1533 343 1592 Extat
365 1533 395 1592 in
419 1533 601 1592 bibliotheca
624 1531 832 1592 universitatis
847 1531 1031 1592 Monacensis
1052 1533 1143 1592 codex
1159 1534 1282 1608 quidam

163 1625 417 1696 membranaceus,
430 1623 543 1681 formae
559 1622 715 1698 oblongae,
733 1620 851 1680 saeculo
871 1623 907 1680 nt
923 1622 1045 1680 videtur
1060 1622 1115 1679 XV
1131 1625 1282 1697 exaratus,

163 1713 217 1787 qui
247 1715 367 1788 praeter
389 1711 540 1787 Propertii
571 1710 762 1770 monobiblon
786 1709 985 1786 Sapphusque
1017 1711 1174 1786 epistolam
1206 1733 1283 1788 quae

163 1800 263 1860 Ovidii
279 1802 397 1862 nomine
413 1801 634 1873 circumfertur,
659 1801 790 1859 carmina
807 1819 928 1875 quoque
944 1801 1077 1860 continet
1092 1800 1281 1873 Tibulliana;

162 1895 206 1950 est
220 1892 315 1951 nitide
338 1891 478 1966 scriptae,
502 1890 602 1949 titulis
626 1890 875 1967 argumentisque
898 1889 1087 1966 singulorum
1110 1893 1283 1966 poematum

163 1999 179 2037 a
199 1981 386 2040 rubricatore
410 1981 587 2049 instructus
611 1979 809 2038 multifariam
833 1983 864 2038 et
887 1978 1006 2054 inipso
1029 1981 1190 2040 verborum
1213 1993 1283 2039 con·

163 2072 249 2129 textu
273 2076 303 2128 et
325 2071 355 2127 in
379 2070 514 2148 margine
538 2068 719 2146 paginarum
741 2068 948 2143 compluribus
965 2069 1103 2128 manibus
1119 2074 1280 2130 correctus.

249 2159 363 2219 Tibulli
399 2160 510 2236 elegiae
545 2177 728 2234 quamquam
762 2158 793 2216 in
829 2158 946 2217 eosdem
981 2158 1097 2217 libellos
1128 2161 1220 2234 atque
1250 2160 1281 2217 in

153 2248 266 2307 'ceteris
290 2249 441 2308 codicibus
464 2248 681 2308 recentioribus
704 2247 902 2321 distributae,
926 2251 1027 2305 tamen
1051 2249 1200 2307 continuis
1223 2268 1281 2307 nu-

163 2337 250 2395 meris
266 2338 403 2416 singulae
418 2337 577 2415 insignitae
594 2339 665 2394 sunt
677 2337 721 2394 ita
735 2341 772 2395 nt
784 2340 969 2411 postremum
982 2336 1141 2396 voluminis
1153 2357 1282 2412 carmen,

164 2427 244 2502 quod
271 2429 364 2504 vulgo
387 2427 441 2502 IV,
469 2433 508 2491 14
539 2426 733 2498 inscribitur,
765 2427 845 2485 hunc
876 2445 948 2500 prae
978 2445 1009 2485 se
1037 2427 1115 2485 ferat
1136 2427 1281 2486 titulum:

162 2515 266 2592 Elegia
282 2517 437 2588 XXXVII,
461 2518 498 2577 de
514 2516 636 2574 infamia
651 2534 724 2574 suae
747 2516 867 2590 puellae
890 2516 1075 2575 tetrasticon.
1114 2516 1186 2575 Post
1202 2518 1283 2593 quod

162 2624 280 2664 carmen
306 2610 462 2665 exaratum
498 2609 542 2664 est
571 2604 786 2681 „Epitaphium
810 2603 910 2664 Ovidii
942 2605 973 2662 in
997 2605 1186 2676 Tibullum“,
1210 2608 1230 2669 i.
1256 2627 1281 2665 e.

161 2694 287 2753 Domitii
300 2695 391 2754 Marsi
416 2696 609 2773 epigramma,
635 2697 665 2754 et
691 2694 824 2768 „Tibulli
840 2698 945 2769 poetae
968 2694 1066 2765 vita“,
1089 2695 1199 2754 desunt
1221 2696 1282 2754 duo

161 2784 214 2842 illa
237 2784 365 2859 Priapes
389 2805 467 2860 quae
490 2783 622 2861 Scaliger
645 2803 681 2843 ex
705 2783 818 2842 Ouiacii
840 2784 1009 2860 fragmento
1032 2784 1213 2844 carminibus
1231 2783 1281 2842 Ti·
1356 2817 1360 2824 -

161 2873 303 2932 bullianis
328 2875 444 2934 adiecit.
492 2873 583 2932 Hunc
615 2873 727 2932 librum
750 2873 957 2933 Monacensem
988 2893 1057 2932 curn
1084 2892 1171 2933 nemo
1195 2880 1283 2933 antea

162 2963 357 3034 excussisset,
390 2963 527 3039 equidem
551 2963 582 3020 in
605 2965 692 3021 tanta
714 2964 863 3021 bonorum
885 2962 1001 3022 Tibulli
1023 2963 1157 3022 codicum
1180 2963 1282 3038 inopia

156 3052 391 3126 ,examinandum
414 3053 541 3127 suscepi,
566 3052 617 3134 sed
640 3071 708 3110 mox
732 3052 917 3111 accuratiore
940 3052 1102 3111 lectionum
1126 3071 1280 3129 compara-

160 3141 253 3211 tione,
278 3162 460 3217 quamquam
484 3142 582 3200 multa
604 3141 662 3200 sibi
685 3141 776 3201 habet
798 3141 929 3216 propria,
953 3145 1054 3200 tamen
1078 3142 1108 3199 in
1135 3143 1282 3216 poematis

161 3228 340 3290 Tibullianis
356 3230 550 3290 restituendis
566 3230 685 3288 nullum
701 3231 938 3289 emolumentum
954 3251 989 3290 ex
1006 3250 1040 3290 eo
1060 3250 1146 3306 posse
1169 3232 1281 3306 sperari

108 3311 110 3316 ’
160 3319 303 3393 intellexi,
328 3321 439 3396 quippe
463 3320 515 3396 qui
539 3321 569 3379 et
593 3319 776 3396 gravissimis
800 3319 916 3378 librarii
940 3321 1090 3379 erroribus
1114 3324 1227 3380 scateat
1251 3325 1282 3380 et

160 3409 288 3468 maxime
311 3410 444 3468 omnium
468 3408 624 3468 hominum
646 3409 803 3467 doctorum
827 3409 937 3467 saeculi
961 3408 1017 3466 XV
1040 3399 1215 3468 commentis
1239 3411 1281 3468 sit

159 3498 348 3574 inquinatus.
365 3504 367 3508 ’

250 3586 308 3646 Sed
331 3587 572 3664 quandoquidem
595 3587 626 3645 in
649 3588 725 3647 hanc
748 3588 784 3647 de
808 3587 959 3646 codicibus
982 3586 1161 3647 Tibullianis
1185 3608 1280 3663 quae·

160 3675 287 3736 ationem
317 3677 495 3750 incideram,
527 3696 594 3737 cum
626 3676 860 3737 recentissimam
884 3676 968 3736 Albii
1000 3676 1160 3736 editionem
1190 3676 1281 3752 plane

160 3765 246 3825 novis
278 3767 321 3824 rei
352 3767 473 3826 criticae
503 3766 644 3840 subsidiis
675 3766 841 3826 confectam
870 3767 975 3825 multis
1006 3765 1078 3825 locis
1102 3765 1279 3844 gravissime

160 3855 433 3914 abachmanniana
448 3856 581 3916 viderem
599 3856 778 3931 discrepare,
801 3857 972 3915 accuratius
987 3855 1149 3930 utriusque
1171 3856 1280 3914 funda-

160 3947 262 4003 menta
278 3946 445 4004 examinare
462 3949 554 4020 atque
570 3964 742 4021 comparare
757 3945 911 4015 constitui,
935 3947 972 4003 ut
987 3946 1086 4019 quoad
1103 3945 1167 4004 eius
1182 3946 1279 4005 facere

160 4052 294 4108 possem,
327 4035 416 4093 certis
448 4035 635 4112 argumentis
667 4035 876 4106 diiudicarem,
900 4037 1006 4093 utrum
1028 4038 1109 4094 reete
1132 4034 1279 4093 Aemilius

160 4121 359 4182 Baehrensius
389 4125 420 4181 in
452 4124 584 4196 editione,
612 4143 667 4183 sua
690 4124 857 4202 elegiarum
879 4125 916 4183 de
939 4123 1074 4182 codicum
1097 4124 1279 4183 auctoritate

161 4213 326 4284 censuerit,
360 4233 396 4272 an
427 4213 514 4273 hodie
538 4233 658 4289 quoque
689 4214 720 4271 in
744 4214 926 4273 carminibus
949 4212 1062 4272 Tibulli
1085 4213 1279 4273 restituendis

161 4299 259 4361 Caroli
291 4302 476 4362 Lachmanni
510 4303 711 4363 instrumento
744 4303 847 4363 critico
882 4302 940 4361 niti
972 4303 1151 4374 debeamus,
1186 4323 1279 4377 quarn

1104 4409 1116 4460 1
