3242 5084
692 1242 695 1246 ⁵
754 1283 997 1384 Appendix.

408 1499 464 1559 His
497 1501 594 1578 igitur
624 1501 668 1560 rei
699 1500 821 1560 criticae
850 1501 991 1560 subsidiis
1023 1521 1100 1577 quae
1132 1502 1291 1560 maximam
1323 1507 1440 1578 partem

318 1590 491 1649 Baehrensii
515 1607 621 1665 operae
645 1590 783 1668 egregiae
806 1591 963 1663 debemm,
988 1592 1075 1667 quasi
1105 1591 1307 1651 fundamentis
1332 1593 1440 1652 aierit

318 1679 484 1752 nitendum,
509 1680 562 1756 qui
585 1679 717 1738 carmina
740 1678 910 1738 Tibulliana
933 1679 963 1737 in
986 1680 1142 1758 integrum
1163 1681 1350 1740 restituenda
1373 1700 1439 1741 sua-

319 1769 441 1843 oeperit.
489 1767 547 1827 Sed
572 1771 690 1828 tantum
714 1769 799 1828 abest
822 1771 858 1827 ut
881 1772 1041 1844 postquam
1065 1788 1167 1829 eorum
1195 1771 1306 1829 auxilio
1330 1772 1367 1830 ad
1390 1790 1439 1830 co-

319 1857 391 1916 dicis
408 1857 564 1916 cuiusdam
579 1858 735 1934 archetypi
750 1858 891 1917 lectiones
906 1860 997 1934 atque
1013 1858 1085 1918 adeo
1101 1859 1137 1917 ad
1151 1859 1283 1936 singulas
1296 1879 1439 1919 versuum

319 1947 482 2022 scripturas
506 1966 662 2024 germanas
686 1947 834 2022 pervenit,
859 1950 956 2006 totam
978 1966 1041 2005 rem
1064 1948 1124 2006 iam
1140 1948 1307 2024 expeditam
1332 1951 1362 2008 et
1386 1951 1440 2008 ab·

319 2037 450 2094 solutam
473 2036 643 2095 existimare
667 2037 777 2112 possit,
810 2039 846 2095 ut
875 2041 981 2108 contra
1003 2039 1077 2096 tuno
1101 2037 1223 2096 demum
1245 2038 1439 2115 gravissimae

318 2125 362 2183 rei
386 2125 505 2184 criticae
521 2125 720 2201 quaestiones
746 2125 869 2201 quinam
891 2124 922 2182 in
946 2124 1059 2184 Tibulli
1083 2125 1185 2203 elegiis
1210 2130 1313 2186 extent
1335 2145 1439 2186 versus

318 2213 502 2290 interpositi,
536 2234 673 2291 quaeque
703 2214 868 2274 carminum
902 2218 1003 2290 partes
1036 2215 1131 2273 alieno
1154 2216 1218 2274 loco
1242 2217 1387 2287 insertae,
1412 2216 1439 2275 ei

319 2304 379 2362 sint
403 2304 630 2381 aggrediendae.

407 2393 506 2452 Primo
539 2394 615 2452 enim
648 2397 716 2470 post
748 2391 815 2454 Ohr.
841 2413 870 2450 n.
904 2393 1024 2452 saeculo
1053 2392 1137 2452 Albii
1168 2393 1305 2453 libellum
1334 2394 1439 2453 multi-

318 2481 426 2540 fariam
454 2483 590 2543 versibus
621 2482 789 2542 subditiciis
817 2482 1015 2558 depravatum
1045 2486 1075 2542 et
1098 2503 1151 2558 per
1175 2486 1338 2542 extremam
1361 2483 1439 2542 anti-

320 2573 468 2647 quitatem
493 2573 540 2631 vel
563 2573 659 2647 prima
682 2571 771 2630 medii
795 2573 863 2631 aevi
885 2573 1006 2632 saecula
1038 2571 1116 2631 foliis
1147 2573 1226 2631 inter
1256 2591 1287 2632 se
1318 2593 1439 2648 permu-

319 2661 392 2720 tatis
415 2661 547 2737 turpiter
575 2661 730 2720 foedatum
762 2678 825 2720 esse
853 2660 911 2720 viri
944 2661 1017 2720 artis
1048 2660 1236 2721 Tibullianae
1267 2662 1440 2737 peritissimi

321 2750 461 2810 arbitrati
491 2752 573 2809 sunt.
619 2749 697 2808 Nam
729 2753 766 2808 ut
797 2750 997 2809 commenticii
1028 2751 1075 2809 vel
1108 2751 1227 2809 aliunde
1254 2751 1287 2809 in
1310 2752 1441 2811 carmina

319 2838 431 2898 Tibulli
454 2839 532 2898 illati
555 2839 682 2914 exempli
705 2839 803 2916 gratia
826 2842 906 2898 recte
930 2839 1081 2924 eiciuntur
1104 2858 1208 2899 versus
1231 2838 1256 2911 Ι,
1283 2846 1311 2911 5,
1337 2847 1378 2903 45
1396 2859 1438 2916 sq.

321 2949 338 2986 a
362 2927 541 3005 Gruppio¹)‚
565 2927 606 2997 ΙΙ,
633 2933 662 2999 5,
688 2933 726 2992 31
754 2947 797 3003 sq.
824 2947 841 2986 a
864 2928 1096 2988 Mitsoherlichio
1113 2927 1318 3006 Gruppioque,
1343 2929 1384 3000 ΙΙ,
1410 2935 1440 3000 5,
1486 2994 1491 2999 ,
1590 2992 1591 2997 ,

324 3022 362 3080 19
388 3022 450 3080 -22
491 3020 521 3076 et
557 3021 687 3082 65--80
720 3038 737 3076 a
771 3017 1000 3093 Baehrensio²)‚
1035 3017 1076 3088 ΙΙ,
1110 3023 1139 3088 6,
1174 3023 1213 3082 23
1239 3037 1282 3094 sq.
1319 3017 1438 3079 aGuil.

321 3104 505 3182 Fischero³);
535 3107 748 3182 transponendi
770 3109 872 3166 autem
903 3107 965 3166 sine
995 3107 1059 3166 ulla
1089 3107 1278 3166 dubitatione
1310 3106 1442 3187 (praeter

320 3196 387 3256 illos
412 3215 486 3273 quos
511 3195 606 3254 alieno
629 3197 694 3256 loco
719 3195 860 3256 exhibent
889 3200 1026 3272 excerpta
1049 3195 1186 3256 Parisina
1209 3200 1240 3256 et
1263 3198 1354 3256 codex
1378 3195 1440 3276 (μ)

321 3305 425 3345 versus
448 3285 501 3356 IV,
527 3291 557 3356 4,
583 3290 621 3348 21
649 3303 702 3361 sq„
726 3285 757 3344 id
781 3286 946 3361 quodiam
969 3286 1119 3346 Italorum
1146 3285 1204 3344 viri
1226 3287 1307 3346 docti
1331 3287 1441 3362 optime

320 3375 543 3445 intellexerunt,
569 3374 646 3448 etl,
673 3379 702 3446 4,
729 3379 859 3438 21—26
890 3381 921 3434 et
946 3380 1094 3448 57-70‚
1127 3394 1202 3451 quos
1234 3376 1349 3450 primus
1373 3395 1440 3451 per·

321 3484 423 3540 peram
455 3464 581 3523 insertos
619 3465 760 3542 cognovit
792 3464 973 3524 Ritscholins
986 3463 1022 3540 5),
1054 3467 1135 3523 recte
1167 3465 1315 3541 disposuit
1344 3465 1440 3524 Baeh-

321 3553 482 3628 rensiusl).
529 3552 594 3611 Hae
624 3553 743 3628 quidem
768 3553 963 3613 distichorum
992 3553 1182 3614 traiectiones
1211 3555 1441 3630 prudentissimo

322 3642 431 3718 cuique
447 3643 666 3718 probabuntur,
690 3662 759 3702 cum
775 3644 875 3702 omnia
899 3663 976 3720 quae
992 3644 1022 3701 in
1038 3643 1164 3718 pristino
1181 3662 1324 3703 versuum
1340 3644 1442 3702 ordine

412 3856 438 3926 1)
456 3859 555 3924 Minos,
574 3877 621 3928 pg.
640 3857 656 3911 3
675 3876 735 3927 sqq.

411 3956 438 4024 2)
458 3957 629 4012 Tibullische
647 3956 760 4023 blattam
780 3977 827 4028 pg.
847 3957 882 4010 24
900 3976 961 4026 sqq.

412 4055 439 4122 3)
460 4055 641 4122 Quaestiones
660 4057 869 4126 Propertianae‚
888 4057 1002 4112 Bonnae
1022 4057 1099 4122 1863,
1118 4058 1219 4112 theses.

411 4151 439 4220 4)
460 4155 507 4208 cfr.
526 4171 609 4224 supra
627 4173 674 4224 pg.
693 4153 736 4208 46.

413 4253 440 4320 5)
459 4255 524 4307 acta
543 4270 596 4306 soc.
616 4253 702 4306 litter.
723 4252 822 4307 Saxon.
843 4271 860 4306 a
880 4252 948 4306 1866
967 4273 1013 4323 pg.
1032 4253 1129 4309 3-21.

413 4351 441 4418 6)
463 4351 523 4407 Tib.
543 4351 655 4416 blattea
675 4369 721 4422 pg.
744 4350 857 4406 70-75.
