3242 5084
794 411 1011 470 „52-

342 582 447 658 quinto
471 583 754 658 opportunissimam
774 602 917 642 versuum
942 589 1021 659 5sq.
1046 584 1191 644 contineri
1215 583 1461 660 explicationem

340 671 394 730 illo
430 672 508 730 enim
538 673 620 748 'quod
644 673 724 731 vitae
759 672 865 732 inertis
899 692 992 750 genus
1015 692 1105 732 versu
1136 673 1243 749 quinto
1270 673 1462 743 intellexerit,

341 761 544 835 demonstrat,
576 762 632 820 hoc
664 761 844 822 sententiam
873 781 978 822 versus
1008 762 1084 822 sexti
1114 763 1208 838 (Dum
1230 780 1314 822 meus
1338 762 1462 822 adsiduo

341 851 441 910 luceat
472 850 543 928 igne
568 850 665 926 focus)
698 851 784 911 tenui
818 850 869 910 filo
904 852 1033 911 deducit.
1079 852 1156 910 Tum
1179 852 1355 930 religionem
1377 869 1463 910 suam

340 943 447 1014 utpote
479 959 539 1015 qua
569 958 634 1016 spes
665 959 720 998 sua
751 940 879 1014 nitatur,
903 941 1108 1017 pietatemque
1130 960 1202 1019 ergo
1223 942 1294 1000 deos
1318 940 1462 1018 agricolas

340 1029 493 1099 describit,
518 1047 648 1105 quorum
672 1029 777 1094 seriem
799 1029 873 1105 ipsis
889 1030 1034 1104 praedioli
1051 1030 1192 1105 pauperis
1207 1029 1352 1106 patronis,
1375 1028 1462 1088 Lari·

339 1119 397 1176 bus
413 1118 587 1177 memoratis
603 1119 763 1180 concludit.
803 1116 884 1177 Olim
899 1119 1008 1190 vitula,
1031 1119 1141 1195 inquit,
1166 1137 1251 1178 caesa
1264 1119 1462 1178 lustravimus

340 1226 459 1285 gregem
484 1207 743 1279 innumerabilem,
768 1228 848 1267 nunc
872 1227 951 1286 agna
974 1209 1072 1267 solum
1095 1208 1180 1268 vobis
1202 1209 1387 1279 immolatur,
1411 1208 1462 1267 sed

339 1296 415 1356 banc
437 1315 554 1355 summa
577 1297 734 1357 voluntate
757 1298 939 1357 dedicemus.
987 1295 1120 1358 Observa
1142 1298 1192 1370 sis,
1222 1298 1371 1373 quomodo
1400 1316 1460 1356 uno

339 1388 459 1445 tantum
492 1387 584 1446 verbo
623 1387 838 1445 sententiarum
874 1387 923 1446 hic
956 1386 1011 1446 fiat
1042 1387 1232 1447 coniunctio:
1268 1407 1286 1445 a
1320 1386 1461 1462 pauperie

339 1474 513 1550 patrimonii
545 1475 695 1534 mentione
725 1475 854 1534 fortuita
885 1477 923 1535 ad
950 1477 1025 1535 hanc
1048 1495 1142 1554 agnae
1164 1476 1301 1552 pervenit
1323 1475 1460 1534 immola·

338 1564 460 1623 tionem.
508 1564 622 1624 Deinde
652 1565 764 1640 optime
796 1585 875 1640 quae
908 1568 953 1624 est
986 1584 1033 1624 ars
1065 1565 1128 1624 eius
1156 1584 1215 1624 non
1237 1564 1323 1624 fluvii
1353 1564 1459 1623 similis

339 1652 481 1712 continuo
505 1653 612 1713 itinere
635 1654 771 1714 celeriter
794 1654 990 1726 decurrentis,
1018 1654 1070 1714 sed
1092 1655 1177 1714 lacus
1200 1654 1357 1730 tranquilli
1373 1654 1460 1712 cuius

338 1741 422 1818 ripae
444 1742 556 1802 iterum
579 1742 751 1819 iterumque
774 1743 867 1802 isdem
891 1744 1050 1802 alluuntur
1073 1743 1171 1813 undis,
1204 1743 1316 1819 optime
1339 1743 1461 1818 inquam

338 1834 499 1907 postquam
529 1831 706 1909 religionem
737 1832 942 1908 pietatemque
973 1851 1060 1891 suam
1089 1832 1257 1906 enarravit,
1291 1832 1355 1891 voti
1377 1832 1461 1890 illius

339 1922 420 1996 quod
452 1938 542 1980 versu
575 1923 659 1980 sexto
691 1921 776 1995 fecit,
812 1923 893 1981 unde
923 1924 989 1981 tota
1020 1922 1142 1982 deorum
1172 1921 1274 1981 cultus
1301 1921 1460 1996 descriptio

339 2010 474 2086 profecta
497 2012 556 2080 est,
588 2010 737 2070 reminisci
760 2011 882 2070 videtur
905 2013 994 2085 (vers.
1020 2015 1061 2074 25
1084 2011 1162 2086 sq.):
1195 2009 1261 2068 Iam
1291 2011 1381 2069 modo
1402 2010 1460 2068 iam

338 2099 449 2174 possim
487 2102 646 2159 contentus
684 2099 786 2158 vivere
820 2118 914 2174 parvo
955 2099 1018 2159 Neo
1055 2118 1171 2174 semper
1203 2099 1309 2176 longae
1342 2099 1461 2159 deditus

338 2207 401 2248 esse
425 2188 501 2247 viae.
542 2187 645 2264 Atque
669 2189 723 2264 qui
745 2207 826 2248 nunc
848 2191 1028 2263 sequuntur,
1053 2189 1189 2249 versibus
1213 2188 1354 2247 chordam
1376 2188 1461 2246 illam

339 2297 431 2353 quam
454 2295 544 2337 versu
569 2285 586 2340 5
611 2295 654 2353 sq.
678 2278 786 2337 leviter
818 2278 937 2355 attigit,
972 2279 1033 2336 iam
1061 2277 1231 2352 paullulum
1262 2277 1373 2336 fortius
1403 2277 1460 2335 im-

337 2367 425 2442 pellit
448 2369 479 2425 et
501 2367 586 2426 nobis
610 2366 694 2442 quali
709 2367 790 2426 vitae
814 2367 945 2426 rusticae
968 2367 1119 2426 suavitate
1143 2366 1295 2425 alliciatur
1319 2366 1458 2425 ostendit.

338 2455 395 2514 Sed
426 2456 529 2514 statim
559 2474 597 2514 ne
625 2473 712 2515 curas
744 2455 866 2532 quidem
897 2455 1044 2533 agricolae
1074 2456 1252 2530 laboresque
1280 2475 1333 2531 per
1367 2455 1460 2514 inter·

336 2545 441 2604 missas
464 2544 639 2604 rusticantis
655 2545 827 2620 voluptates
851 2563 914 2604 sese
936 2544 1069 2604 refutare
1093 2543 1267 2619 profitetur3
1292 2563 1361 2602 nam
1385 2561 1459 2618 opus

338 2637 382 2692 est
406 2636 502 2692 rastro
527 2635 557 2692 et
588 2637 687 2692 aratro
721 2633 816 2693 colere
844 2634 990 2710 agellum,
1026 2653 1101 2709 opus
1134 2635 1178 2692 est
1201 2652 1330 2708 parvum
1362 2633 1460 2692 tutari

337 2741 436 2798 pecus.
484 2721 587 2798 Atque
617 2724 765 2782 desertam
796 2742 904 2800 agnam
939 2723 969 2780 in
1000 2723 1068 2781 sinu
1090 2722 1200 2782 referet
1223 2723 1329 2797 poeta,
1361 2740 1458 2796 neque

336 2811 402 2886 lupi
424 2811 566 2886 furesque
590 2811 756 2887 quidquam
780 2811 940 2886 arripient,
970 2830 1039 2870 cum
1066 2811 1129 2887 ipse
1151 2814 1304 2886 pastorem
1328 2813 1457 2886 quotan-

336 2901 382 2959 nis
405 2900 536 2960 lustrare
558 2900 721 2975 Palemque
743 2901 823 2959 lacte
847 2919 1003 2978 aspergere
1025 2900 1129 2960 soleat.

427 2988 535 3065 Itaque
558 2994 716 3065 postquam
744 2990 918 3065 explicavit,
950 3009 1004 3048 cur
1034 3009 1087 3064 per
1116 2992 1213 3048 totam
1236 2988 1332 3048 vitam
1360 2988 1458 3047 nullos

335 3079 408 3138 belli
437 3080 553 3138 labores
584 3097 759 3154 perpessum
786 3097 880 3154 parvo
910 3097 965 3137 suo
1007 3078 1185 3154 patrimonio
1223 3096 1254 3137 se
1284 3080 1459 3136 contentum

337 3187 399 3227 esse
430 3186 516 3244 posse
547 3170 681 3244 speraret
705 3203 745 3211 -
771 3188 839 3227 eum
873 3172 903 3227 et
936 3186 1023 3246 agros
1056 3167 1166 3227 coleret
1200 3170 1230 3226 et
1265 3169 1459 3226 veneraretur

335 3258 405 3317 deos
434 3291 468 3302 --
496 3257 571 3315 nihil
600 3257 626 3316 ei
659 3257 810 3332 reliquum
840 3260 885 3316 est
915 3257 973 3315 nisi
1003 3259 1040 3315 ut
1068 3257 1137 3316 deos
1167 3256 1287 3316 invocet
1315 3275 1352 3315 ne
1382 3257 1459 3315 dona

336 3365 390 3405 sua
413 3346 553 3424 religiose
573 3347 731 3422 proposita
755 3350 962 3422 aspernentur.
1009 3345 1087 3404 Tum
1116 3345 1227 3405 iterum
1251 3344 1325 3403 satis
1348 3364 1457 3422 magna

335 3435 393 3494 sibi
416 3438 517 3513 segete
539 3438 656 3494 ostensa
679 3436 717 3495 ad
740 3435 928 3495 dulcedinem
960 3437 991 3493 et
1023 3434 1235 3494 amoenitatem
1259 3433 1341 3492 vitae
1365 3451 1457 3508 quem

212 3575 223 3598 .·
336 3544 353 3582 a
376 3524 455 3583 curis
478 3523 537 3583 illis
560 3523 749 3601 negotiisque
773 3524 894 3583 rusticis
918 3527 949 3583 et
972 3544 989 3582 a
1012 3524 1136 3582 deorum
1157 3522 1256 3600 gratia
1272 3521 1330 3580 sibi
1345 3523 1454 3597 sperat,

335 3613 445 3672 transit
460 3613 690 3672 describendam.
730 3613 820 3672 Nunc
842 3613 972 3689 denique
995 3612 1091 3671 otium
1114 3611 1264 3670 rusticum
1286 3630 1345 3669 non
1369 3610 1456 3669 modo

335 3704 506 3773 adumbrat,
531 3703 582 3762 sed
606 3703 686 3762 omni
709 3702 934 3780 pigmentorum
956 3702 1029 3761 flore
1052 3704 1082 3760 et
1105 3700 1202 3761 colore
1226 3703 1350 3760 exornat
1366 3701 1454 3774 (vers.

333 3797 372 3855 41
400 3793 509 3938 Sqillilril
532 3880 629 3958 igitur
653 3881 733 3957 quod
756 3881 787 3939 in
811 3879 942 3940 carmine
964 3879 1020 3938 hoc
1047 3879 1246 3949 offendamus,
1277 3878 1388 3938 habere
1410 3878 1455 3937 vi·

334 3970 458 4044 demur,
491 3970 549 4029 nisi
581 3970 662 4046 quod
691 3969 812 4029 initium
845 3987 950 4028 versus
974 3973 1035 4033 35:
1068 3967 1126 4027 Hic
1159 3986 1215 4045 ego
1246 3969 1456 4042 pastoremque

335 4079 435 4118 meum
459 4079 484 4117 e.
510 4079 538 4135 q.
564 4077 606 4134 sq.
630 4060 717 4134 plane
741 4063 786 4119 est
810 4059 1028 4133 importunum,
1054 4076 1122 4116 cum
1146 4075 1206 4132 quo
1229 4056 1293 4116 loco
1316 4055 1455 4115 Tibullus

335 4151 469 4224 pastores
503 4168 684 4226 gregemque
715 4148 862 4208 lustratos
897 4146 1065 4224 significare
1094 4145 1242 4217 voluerit,
1277 4165 1337 4205 non
1368 4145 1454 4205 facile

333 4238 537 4316 intellegatur.
575 4237 660 4308 Quod
684 4237 795 4297 vitium
818 4255 878 4296 non
901 4236 993 4297 sicuti
1008 4234 1139 4296 Hessius
1162 4234 1288 4308 censuit,
1312 4253 1454 4296 versuum
