3242 5084
595 460 861 519 ·-23-

192 635 222 690 et
244 630 303 688 iam
327 630 502 692 Franciaous
525 632 654 693 Pucoius
677 631 848 692 coniectura
879 635 1034 692 assecutus
1058 632 1168 715 erat¹))
1193 633 1314 694 exhibet

191 721 292 782 hunc:

352 807 497 868 Securum
520 809 552 868 in
575 809 706 870 tenebris
729 829 777 868 me
799 809 874 869 facit
897 829 960 870 csse
982 810 1095 881 Venus,

193 897 244 973 qui
284 916 389 957 versus
427 897 506 958 idem
537 900 569 958 in
607 899 707 960 codice
739 899 767 955 V
804 919 897 958 manu
927 900 1058 960 secunda
1095 900 1216 959 additus
1255 903 1309 960 est.

191 984 393 1045 ParisinusB
425 987 564 1048 lacunam
593 989 677 1048 illam
709 988 844 1066 itemque
874 988 1038 1050 Vaticanus
1071 994 1158 1054 2794
1190 990 1312 1066 supple-

191 1078 302 1135 verunt
324 1075 381 1134 ita:

350 1164 406 1225 Ille
430 1165 503 1225 deus
527 1169 626 1226 certae
649 1167 701 1227 dat
723 1165 797 1224 mihi
821 1167 908 1243 signa
931 1166 1008 1238 viae,

190 1253 222 1311 in
254 1253 407 1314 codicibus
437 1254 565 1331 denique
598 1274 729 1332 quorum
761 1275 936 1316 consensum
968 1256 1072 1315 littera
1103 1255 1125 1314 O
1155 1254 1313 1334 insignivit

189 1342 411 1415 Lachmannus,
435 1343 565 1405 Thomas
580 1344 707 1405 Senecae
723 1344 900 1423 Camertis²)
923 1348 1124 1406 commentum
1140 1347 1224 1405 extat
1238 1345 1310 1406 hoc:

352 1432 504 1493 Praesidio
527 1435 623 1495 noctis
645 1435 741 1495 sentio
766 1435 867 1495 adesse
890 1436 985 1496 deam.

191 1522 339 1582 Jovianus
362 1522 518 1582 Pantanus
549 1524 581 1583 in
605 1523 631 1583 G
654 1523 763 1584 codicis
786 1525 895 1583 lacuna
918 1523 1051 1584 addidit:

353 1611 456 1688 Usque
479 1631 580 1672 meum
603 1616 705 1673 custos
729 1613 765 1672 ad
788 1614 869 1673 latus
893 1613 997 1672 haeret
1021 1631 1112 1672 amor.

279 1701 315 1759 In
339 1701 445 1761 ceteris
468 1702 620 1764 codicibus
643 1702 715 1762 hacc
738 1703 787 1762 vel
808 1703 867 1761 alia
882 1703 1090 1779 supplementa
1104 1701 1311 1774 inveniuntur,

190 1791 275 1850 velut
298 1790 330 1848 in
353 1791 452 1851 codice
475 1790 674 1852 bibliothecae
697 1791 904 1852 universitatis
927 1791 1111 1853 Monacensis
1134 1790 1182 1850 hic
1206 1809 1311 1853 versus

190 1880 322 1958 legitur:

350 1969 418 2029 Non
441 1970 515 2028 mihi
539 1972 625 2030 nocte
649 1970 744 2046 quies,
768 1990 828 2030 non
851 1970 925 2029 mihi
948 1971 1035 2030 nocte
1058 1987 1154 2044 sopor.

190 2057 300 2118 Contra
330 2058 362 2116 in
393 2059 493 2120 tribus
515 2059 593 2130 illis,
626 2078 756 2135 quorum
778 2060 921 2120 lectiones
944 2059 1106 2118 Baehrensi
1129 2077 1236 2134 operae
1259 2059 1310 2118 de·

188 2148 303 2221 bemus,
327 2146 480 2208 codicibus
495 2148 571 2207 nihil
588 2149 650 2208 tale
666 2149 763 2225 prima
778 2169 872 2208 manu
887 2149 1034 2225 scriptum
1057 2150 1143 2224 potes
1165 2148 1310 2224 reperire:

188 2236 303 2296 codices
335 2237 363 2295 A
387 2240 417 2297 et
440 2238 467 2294 V
498 2238 561 2297 sine
583 2238 742 2299 intervallo
775 2257 881 2299 versus
905 2244 946 2303 25
979 2240 1009 2297 et
1040 2241 1080 2302 27
1110 2236 1310 2315 coniungunt,

189 2325 252 2400 (illa
267 2329 387 2384 tantum
404 2326 435 2384 in
458 2327 592 2406 margine
616 2328 803 2404 adscriptum
826 2328 947 2388 exbibet
972 2325 1124 2402 ,deficit“‚
1149 2325 1197 2385 hic
1219 2345 1312 2384 manu

188 2415 352 2490 posteriora
375 2415 525 2493 Aurispaa
545 2420 748 2476 commentum
760 2419 907 2494 praebet),
926 2416 1184 2492 Guelferbytanus
1209 2419 1312 2475 autem

187 2503 387 2564 interstitium
402 2505 493 2566 unius
509 2523 613 2567 versus
629 2506 765 2583 reliquit,
789 2507 821 2565 in
844 2526 904 2583 quo
927 2505 1057 2565 Pontani
1080 2523 1196 2580 versus,
1221 2524 1310 2582 quem

187 2595 475 2668 supramemoravi,
500 2596 595 2656 altera
619 2616 712 2656 manu
735 2597 856 2656 additus
880 2598 935 2656 est.

277 2682 437 2744 Praeterea
466 2688 534 2760 post
564 2703 686 2745 versum
715 2685 758 2757 H,
785 2693 814 2761 3,
843 2691 881 2750 15
915 2685 1006 2746 codex
1038 2685 1066 2743 A
1089 2682 1194 2744 statim
1225 2683 1311 2742 nnllo
1408 2763 1410 2768 7

186 2771 352 2832 interstitio
374 2769 480 2834 relicto
504 2775 627 2850 praebet
650 2792 772 2835 versum
801 2780 850 2849 16,
875 2773 902 2835 G
924 2775 956 2833 in
979 2774 1076 2852 spatio
1100 2774 1197 2833 altera
1219 2792 1311 2833 manu

187 2861 333 2937 scriptum
357 2863 477 2922 exhibet
499 2863 629 2924 Pontani
652 2855 791 2923 versum:

348 2951 384 3010 In
407 2971 513 3012 nemus
536 2956 567 3013 et
589 2956 691 3029 pastas
714 2953 784 3014 inde
806 2954 919 3014 referre
942 2954 1082 3026 domum;

187 3040 292 3100 deinde
315 3040 400 3118 signo
425 3042 561 3118 apposito
584 3042 617 3100 in
639 3042 776 3120 margine
798 3042 939 3103 inferiore
958 3043 1061 3103 eadem
1076 3060 1184 3101 manns
1202 3040 1311 3101 adiecit

187 3129 257 3204 hoa,
291 3148 366 3206 quos
389 3131 463 3192 item
486 3152 504 3191 a
527 3131 663 3191 Pontano
696 3132 851 3209 suppletos
885 3151 948 3193 esse
974 3135 1106 3193 testatur
1132 3130 1309 3191 Franciscus

187 3218 333 3280 Paccius:

344 3309 413 3386 Ipse
437 3312 467 3369 et
490 3310 642 3385 spumanti
665 3310 781 3387 primus
804 3311 962 3370 multralia
985 3328 1074 3372 succo

392 3398 535 3474 Implesse
559 3400 704 3476 expressis
727 3399 827 3459 fertur
850 3403 888 3461 ab
910 3400 1085 3463 huberibua

186 3485 351 3546 Vaticanus
374 3486 401 3542 V
426 3505 530 3548 versus
553 3489 622 3549 inde
646 3509 663 3548 a
687 3489 818 3550 carmine
840 3489 882 3561 ΙΙ,
908 3495 938 3562 2,
965 3494 1006 3554 20
1030 3507 1126 3565 usque
1149 3488 1187 3547 ad
1209 3487 1251 3562 II,
1276 3492 1307 3560 3,

187 3580 227 3640 53
252 3576 369 3648 omisit3
395 3577 560 3636 Vaticanus
579 3582 665 3643 2794
689 3582 792 3639 contra
814 3580 870 3639 hoc
893 3580 957 3640 loco
979 3578 1163 3656 interposuit
1178 3576 1307 3640 Senecae

185 3669 400 3725 commentum:

345 3773 485 3833 Creditur
507 3773 544 3833 ad
568 3773 728 3835 mulctram
751 3775 944 3836 constituisse
966 3774 1060 3854 prius,

275 3999 301 4069 1)
321 4002 393 4056 Vide
411 4002 584 4058 Lachmanni
603 4005 731 4072 apparat.
752 4003 814 4058 crit.
834 4003 871 4057 ad
889 4003 963 4057 hunc
981 4004 1081 4058 locum.

274 4088 301 4158 2)
321 4091 362 4146 De
381 4109 436 4161 quo
454 4092 610 4147 carminum
628 4092 830 4162 interpolatore
848 4094 923 4148 circa
949 4111 974 4147 a.
995 4093 1064 4146 1392
1082 4096 1165 4157 nato,
1190 4111 1215 4148 a.
1236 4093 1302 4146 1431

184 4181 231 4217 ma
252 4163 320 4245 istro
342 4163 455 4233 publico
482 4163 558 4218 urbis
577 4164 733 4229 Bononiae,
752 4169 817 4234 post
835 4183 860 4219 a.
881 4164 955 4247 icas·
973 4165 1094 4219 Arimini
1121 4167 1230 4246 mortuo
1255 4166 1304 4219 cfr.

184 4181 296 4362 gillo}
325 4275 332 4299 ‚
356 4235 417 4358 llo.
436 4233 639 4363 pg.95183Aeqq.¹
655 4236 780 4363 illidit&
798 4236 958 4309 Battaghm
977 4237 1052 4310 apud
1070 4236 1214 4294 samum
1239 4253 1303 4308 opp.

215 4325 251 4362 m.
314 4325 361 4379 pg.
399 4325 472 4380 ,pg.
527 4347 534 4373 ,
578 4325 673 4364 rrmrm
763 4349 769 4365 .
