<?xml version="1.0" encoding="UTF-8"?>
<!DOCTYPE html PUBLIC "-//W3C//DTD XHTML 1.0 Transitional//EN"
    "http://www.w3.org/TR/xhtml1/DTD/xhtml1-transitional.dtd">
<html xmlns="http://www.w3.org/1999/xhtml" xml:lang="en" lang="en">
 <head>
  <title>
</title>
<meta http-equiv="Content-Type" content="text/html;charset=utf-8" />
  <meta name='ocr-system' content='tesseract 3.04.00' />
  <meta name='ocr-capabilities' content='ocr_page ocr_carea ocr_par ocr_line ocrx_word'/>
</head>
<body>
  <div class='ocr_page' id='page_1' title='image "./decodicibustibu03leongoog_0019.png"; bbox 0 0 3242 5084; ppageno 0'>
   <div class='ocr_carea' id='block_1_1' title="bbox 642 477 863 535">
    <p class='ocr_par' dir='ltr' id='par_1_1' title="bbox 642 477 863 535">
     <span class='ocr_line' id='line_1_1' title="bbox 642 477 863 535; baseline 0 -19"><span class='ocrx_word' id='word_1_1' title='bbox 642 477 863 535; x_wconf 60' lang='lat'>„11-</span> 
     </span>
    </p>
   </div>
   <div class='ocr_carea' id='block_1_2' title="bbox 191 649 1314 1262">
    <p class='ocr_par' dir='ltr' id='par_1_2' title="bbox 191 649 1314 1262">
     <span class='ocr_line' id='line_1_2' title="bbox 280 649 906 728; baseline 0 -20"><span class='ocrx_word' id='word_1_2' title='bbox 280 649 337 723; x_wconf 93' lang='lat' dir='ltr'>III,</span> <span class='ocrx_word' id='word_1_3' title='bbox 363 655 393 724; x_wconf 88' lang='lat'>3,</span> <span class='ocrx_word' id='word_1_4' title='bbox 419 655 459 714; x_wconf 78' lang='lat'>22</span> <span class='ocrx_word' id='word_1_5' title='bbox 485 650 516 708; x_wconf 93' lang='lat' dir='ltr'>in</span> <span class='ocrx_word' id='word_1_6' title='bbox 539 650 780 728; x_wconf 82' lang='lat' dir='ltr'>Frisingensibus</span> <span class='ocrx_word' id='word_1_7' title='bbox 805 651 906 709; x_wconf 89' lang='lat' dir='ltr'>extat:</span> 
     </span>
     <span class='ocr_line' id='line_1_3' title="bbox 417 738 1082 815; baseline 0.002 -19"><span class='ocrx_word' id='word_1_8' title='bbox 417 740 495 800; x_wconf 88' lang='lat' dir='ltr'>Neo</span> <span class='ocrx_word' id='word_1_9' title='bbox 519 739 642 798; x_wconf 88' lang='lat' dir='ltr'>fortuna</span> <span class='ocrx_word' id='word_1_10' title='bbox 666 758 720 798; x_wconf 87' lang='lat' dir='ltr'>sua</span> <span class='ocrx_word' id='word_1_11' title='bbox 744 741 880 814; x_wconf 86' lang='lat' dir='ltr'>tempora</span> <span class='ocrx_word' id='word_1_12' title='bbox 903 738 970 815; x_wconf 90' lang='lat' dir='ltr'>lege</span> <span class='ocrx_word' id='word_1_13' title='bbox 994 738 1082 815; x_wconf 87' lang='lat' dir='ltr'>gerit,</span> 
     </span>
     <span class='ocr_line' id='line_1_4' title="bbox 193 827 1186 905; baseline -0.003 -18"><span class='ocrx_word' id='word_1_14' title='bbox 193 848 261 887; x_wconf 92' lang='lat' dir='ltr'>oum</span> <span class='ocrx_word' id='word_1_15' title='bbox 283 829 374 888; x_wconf 91' lang='lat' dir='ltr'>ceteri</span> <span class='ocrx_word' id='word_1_16' title='bbox 398 831 571 904; x_wconf 88' lang='lat' dir='ltr'>praebeant,</span> <span class='ocrx_word' id='word_1_17' title='bbox 596 829 676 904; x_wconf 91' lang='lat' dir='ltr'>quod</span> <span class='ocrx_word' id='word_1_18' title='bbox 699 848 731 888; x_wconf 90' lang='lat' dir='ltr'>re</span> <span class='ocrx_word' id='word_1_19' title='bbox 755 848 826 887; x_wconf 88' lang='lat' dir='ltr'>vera</span> <span class='ocrx_word' id='word_1_20' title='bbox 848 827 1023 905; x_wconf 79' lang='lat' dir='ltr'><strong>Lygdamus</strong></span> <span class='ocrx_word' id='word_1_21' title='bbox 1047 827 1186 902; x_wconf 74' lang='lat' dir='ltr'>scripsit:</span> 
     </span>
     <span class='ocr_line' id='line_1_5' title="bbox 314 916 1312 995; baseline -0.002 -20"><span class='ocrx_word' id='word_1_22' title='bbox 314 917 403 976; x_wconf 88' lang='lat' dir='ltr'>Nam</span> <span class='ocrx_word' id='word_1_23' title='bbox 425 917 548 977; x_wconf 84' lang='lat' dir='ltr'>fortuna</span> <span class='ocrx_word' id='word_1_24' title='bbox 571 937 625 976; x_wconf 87' lang='lat' dir='ltr'>sua</span> <span class='ocrx_word' id='word_1_25' title='bbox 647 921 784 992; x_wconf 90' lang='lat' dir='ltr'>tempora</span> <span class='ocrx_word' id='word_1_26' title='bbox 807 918 874 995; x_wconf 90' lang='lat' dir='ltr'>lege</span> <span class='ocrx_word' id='word_1_27' title='bbox 897 917 978 994; x_wconf 87' lang='lat' dir='ltr'>regit</span> <span class='ocrx_word' id='word_1_28' title='bbox 1000 916 1094 994; x_wconf 87' lang='lat' dir='ltr'>(gerit</span> <span class='ocrx_word' id='word_1_29' title='bbox 1117 916 1191 990; x_wconf 86' lang='lat' dir='ltr'>alii).</span> <span class='ocrx_word' id='word_1_30' title='bbox 1309 941 1312 945; x_wconf 55' lang='grc'>’</span> 
     </span>
     <span class='ocr_line' id='line_1_6' title="bbox 280 1005 1314 1083; baseline -0.009 -12"><span class='ocrx_word' id='word_1_31' title='bbox 280 1006 342 1080; x_wconf 88' lang='lat' dir='ltr'>IV,</span> <span class='ocrx_word' id='word_1_32' title='bbox 380 1012 433 1078; x_wconf 81' lang='lat'>14.</span> <span class='ocrx_word' id='word_1_33' title='bbox 467 1013 485 1071; x_wconf 85' lang='lat'>2</span> <span class='ocrx_word' id='word_1_34' title='bbox 522 1007 649 1083; x_wconf 88' lang='lat' dir='ltr'>denique</span> <span class='ocrx_word' id='word_1_35' title='bbox 685 1008 825 1083; x_wconf 86' lang='lat' dir='ltr'>excerpta</span> <span class='ocrx_word' id='word_1_36' title='bbox 859 1025 913 1081; x_wconf 88' lang='lat' dir='ltr'>pro</span> <span class='ocrx_word' id='word_1_37' title='bbox 951 1007 1088 1065; x_wconf 80' lang='lat' dir='ltr'>codicum</span> <span class='ocrx_word' id='word_1_38' title='bbox 1125 1005 1314 1083; x_wconf 89' lang='lat' dir='ltr'>integrorum</span> 
     </span>
     <span class='ocr_line' id='line_1_7' title="bbox 191 1096 358 1171; baseline 0.006 -17"><span class='ocrx_word' id='word_1_39' title='bbox 191 1096 358 1171; x_wconf 88' lang='lat' dir='ltr'>scriptura:</span> 
     </span>
     <span class='ocr_line' id='line_1_8' title="bbox 390 1183 1109 1262; baseline -0.003 -20"><span class='ocrx_word' id='word_1_40' title='bbox 390 1185 478 1245; x_wconf 88' lang='lat' dir='ltr'>Nunc</span> <span class='ocrx_word' id='word_1_41' title='bbox 503 1204 558 1262; x_wconf 87' lang='lat' dir='ltr'>ego</span> <span class='ocrx_word' id='word_1_42' title='bbox 581 1205 628 1244; x_wconf 87' lang='lat' dir='ltr'>me</span> <span class='ocrx_word' id='word_1_43' title='bbox 651 1185 749 1244; x_wconf 83' lang='lat' dir='ltr'>surdis</span> <span class='ocrx_word' id='word_1_44' title='bbox 774 1186 898 1245; x_wconf 89' lang='lat' dir='ltr'>auribus</span> <span class='ocrx_word' id='word_1_45' title='bbox 923 1203 986 1245; x_wconf 88' lang='lat' dir='ltr'>esse</span> <span class='ocrx_word' id='word_1_46' title='bbox 1008 1183 1109 1257; x_wconf 85' lang='lat' dir='ltr'>velim,</span> 
     </span>
    </p>
   </div>
   <div class='ocr_carea' id='block_1_3' title="bbox 190 1270 1315 2422">
    <p class='ocr_par' dir='ltr' id='par_1_3' title="bbox 190 1270 1315 1975">
     <span class='ocr_line' id='line_1_9' title="bbox 191 1270 1314 1351; baseline -0.003 -18"><span class='ocrx_word' id='word_1_47' title='bbox 191 1274 282 1334; x_wconf 86' lang='lat' dir='ltr'>talem</span> <span class='ocrx_word' id='word_1_48' title='bbox 308 1293 445 1334; x_wconf 86' lang='lat' dir='ltr'>versum:</span> <span class='ocrx_word' id='word_1_49' title='bbox 470 1275 558 1334; x_wconf 87' lang='lat' dir='ltr'>Nunc</span> <span class='ocrx_word' id='word_1_50' title='bbox 575 1294 630 1351; x_wconf 85' lang='lat' dir='ltr'>ego</span> <span class='ocrx_word' id='word_1_51' title='bbox 654 1277 684 1333; x_wconf 89' lang='lat' dir='ltr'>te</span> <span class='ocrx_word' id='word_1_52' title='bbox 700 1273 799 1332; x_wconf 86' lang='lat' dir='ltr'>surdis</span> <span class='ocrx_word' id='word_1_53' title='bbox 816 1295 841 1333; x_wconf 90' lang='lat' dir='ltr'>e.</span> <span class='ocrx_word' id='word_1_54' title='bbox 859 1296 887 1351; x_wconf 91' lang='lat' dir='ltr'>q.</span> <span class='ocrx_word' id='word_1_55' title='bbox 905 1293 949 1349; x_wconf 91' lang='lat' dir='ltr'>sq.</span> <span class='ocrx_word' id='word_1_56' title='bbox 966 1275 1171 1333; x_wconf 87' lang='lat' dir='ltr'>inseruerunt.</span> <span class='ocrx_word' id='word_1_57' title='bbox 1205 1270 1314 1332; x_wconf 82' lang='lat' dir='ltr'><strong>Omnes</strong></span> 
     </span>
     <span class='ocr_line' id='line_1_10' title="bbox 190 1361 1315 1440; baseline -0.001 -20"><span class='ocrx_word' id='word_1_58' title='bbox 190 1364 247 1423; x_wconf 91' lang='lat' dir='ltr'>hae</span> <span class='ocrx_word' id='word_1_59' title='bbox 271 1363 495 1422; x_wconf 71' lang='lat' dir='ltr'><strong>immutationes</strong></span> <span class='ocrx_word' id='word_1_60' title='bbox 519 1382 661 1424; x_wconf 85' lang='lat' dir='ltr'>versuum</span> <span class='ocrx_word' id='word_1_61' title='bbox 686 1383 871 1439; x_wconf 89' lang='lat' dir='ltr'>quamquam</span> <span class='ocrx_word' id='word_1_62' title='bbox 894 1364 975 1422; x_wconf 87' lang='lat' dir='ltr'>haud</span> <span class='ocrx_word' id='word_1_63' title='bbox 992 1381 1110 1440; x_wconf 85' lang='lat' dir='ltr'>graves,</span> <span class='ocrx_word' id='word_1_64' title='bbox 1134 1365 1235 1421; x_wconf 90' lang='lat' dir='ltr'>tamen</span> <span class='ocrx_word' id='word_1_65' title='bbox 1250 1361 1315 1420; x_wconf 91' lang='lat' dir='ltr'>sola</span> 
     </span>
     <span class='ocr_line' id='line_1_11' title="bbox 192 1452 1315 1531; baseline -0.001 -21"><span class='ocrx_word' id='word_1_66' title='bbox 192 1453 309 1512; x_wconf 88' lang='lat' dir='ltr'>librarii</span> <span class='ocrx_word' id='word_1_67' title='bbox 340 1454 474 1513; x_wconf 88' lang='lat' dir='ltr'>socordia</span> <span class='ocrx_word' id='word_1_68' title='bbox 515 1452 765 1531; x_wconf 76' lang='lat' dir='ltr'>neglegentiaque</span> <span class='ocrx_word' id='word_1_69' title='bbox 799 1453 933 1512; x_wconf 75' lang='lat' dir='ltr'>extitisse</span> <span class='ocrx_word' id='word_1_70' title='bbox 961 1471 1020 1511; x_wconf 89' lang='lat' dir='ltr'>non</span> <span class='ocrx_word' id='word_1_71' title='bbox 1051 1453 1209 1522; x_wconf 84' lang='lat' dir='ltr'>videntur3</span> <span class='ocrx_word' id='word_1_72' title='bbox 1243 1453 1315 1510; x_wconf 91' lang='lat' dir='ltr'>sunt</span> 
     </span>
     <span class='ocr_line' id='line_1_12' title="bbox 191 1539 1315 1618; baseline -0.001 -19"><span class='ocrx_word' id='word_1_73' title='bbox 191 1542 287 1618; x_wconf 86' lang='lat' dir='ltr'>igitur</span> <span class='ocrx_word' id='word_1_74' title='bbox 302 1542 555 1617; x_wconf 79' lang='lat' dir='ltr'>interpolationes</span> <span class='ocrx_word' id='word_1_75' title='bbox 593 1541 650 1601; x_wconf 87' lang='lat' dir='ltr'>Sed</span> <span class='ocrx_word' id='word_1_76' title='bbox 674 1561 742 1601; x_wconf 90' lang='lat' dir='ltr'>cum</span> <span class='ocrx_word' id='word_1_77' title='bbox 767 1541 823 1602; x_wconf 86' lang='lat' dir='ltr'>hoc</span> <span class='ocrx_word' id='word_1_78' title='bbox 846 1543 962 1601; x_wconf 89' lang='lat' dir='ltr'>ratione</span> <span class='ocrx_word' id='word_1_79' title='bbox 984 1561 1128 1601; x_wconf 86' lang='lat' dir='ltr'>versuum</span> <span class='ocrx_word' id='word_1_80' title='bbox 1151 1539 1315 1600; x_wconf 89' lang='lat' dir='ltr'>sententiae</span> 
     </span>
     <span class='ocr_line' id='line_1_13' title="bbox 192 1629 1315 1708; baseline -0.003 -18"><span class='ocrx_word' id='word_1_81' title='bbox 192 1631 267 1690; x_wconf 88' lang='lat' dir='ltr'>aliae</span> <span class='ocrx_word' id='word_1_82' title='bbox 291 1651 306 1690; x_wconf 89' lang='lat' dir='ltr'>e</span> <span class='ocrx_word' id='word_1_83' title='bbox 329 1632 469 1691; x_wconf 91' lang='lat' dir='ltr'>carminis</span> <span class='ocrx_word' id='word_1_84' title='bbox 493 1651 607 1692; x_wconf 90' lang='lat' dir='ltr'>conexu</span> <span class='ocrx_word' id='word_1_85' title='bbox 631 1632 691 1689; x_wconf 85' lang='lat' dir='ltr'>sint</span> <span class='ocrx_word' id='word_1_86' title='bbox 714 1631 840 1704; x_wconf 89' lang='lat' dir='ltr'>solutae,</span> <span class='ocrx_word' id='word_1_87' title='bbox 866 1632 941 1690; x_wconf 89' lang='lat' dir='ltr'>aliae</span> <span class='ocrx_word' id='word_1_88' title='bbox 964 1636 1001 1690; x_wconf 87' lang='lat' dir='ltr'>ut</span> <span class='ocrx_word' id='word_1_89' title='bbox 1023 1631 1119 1708; x_wconf 87' lang='lat' dir='ltr'>magis</span> <span class='ocrx_word' id='word_1_90' title='bbox 1135 1629 1315 1707; x_wconf 80' lang='lat' dir='ltr'>generaliter</span> 
     </span>
     <span class='ocr_line' id='line_1_14' title="bbox 191 1718 1315 1799; baseline -0.003 -21"><span class='ocrx_word' id='word_1_91' title='bbox 191 1720 418 1797; x_wconf 89' lang='lat' dir='ltr'>intellegantur,</span> <span class='ocrx_word' id='word_1_92' title='bbox 443 1723 604 1796; x_wconf 91' lang='lat' dir='ltr'>paululum</span> <span class='ocrx_word' id='word_1_93' title='bbox 628 1721 859 1780; x_wconf 86' lang='lat' dir='ltr'>transformatae</span> <span class='ocrx_word' id='word_1_94' title='bbox 882 1722 926 1799; x_wconf 88' lang='lat' dir='ltr'>(id</span> <span class='ocrx_word' id='word_1_95' title='bbox 950 1722 1031 1796; x_wconf 84' lang='lat' dir='ltr'>quod</span> <span class='ocrx_word' id='word_1_96' title='bbox 1063 1720 1172 1780; x_wconf 88' lang='lat' dir='ltr'>codicis</span> <span class='ocrx_word' id='word_1_97' title='bbox 1204 1718 1315 1795; x_wconf 82' lang='lat' dir='ltr'>integri</span> 
     </span>
     <span class='ocr_line' id='line_1_15' title="bbox 191 1807 1314 1887; baseline -0.001 -21"><span class='ocrx_word' id='word_1_98' title='bbox 191 1810 308 1868; x_wconf 90' lang='lat' dir='ltr'>librarii</span> <span class='ocrx_word' id='word_1_99' title='bbox 331 1829 441 1868; x_wconf 92' lang='lat' dir='ltr'>munus</span> <span class='ocrx_word' id='word_1_100' title='bbox 474 1828 616 1869; x_wconf 90' lang='lat' dir='ltr'>essenon</span> <span class='ocrx_word' id='word_1_101' title='bbox 640 1810 772 1885; x_wconf 84' lang='lat' dir='ltr'>potuit),</span> <span class='ocrx_word' id='word_1_102' title='bbox 808 1811 845 1868; x_wconf 92' lang='lat' dir='ltr'>ab</span> <span class='ocrx_word' id='word_1_103' title='bbox 877 1830 909 1869; x_wconf 95' lang='lat' dir='ltr'>eo</span> <span class='ocrx_word' id='word_1_104' title='bbox 939 1810 992 1886; x_wconf 90' lang='lat' dir='ltr'>qui</span> <span class='ocrx_word' id='word_1_105' title='bbox 1026 1810 1143 1887; x_wconf 85' lang='lat' dir='ltr'>eclogas</span> <span class='ocrx_word' id='word_1_106' title='bbox 1176 1807 1314 1877; x_wconf 77' lang='lat' dir='ltr'>confecit,</span> 
     </span>
     <span class='ocr_line' id='line_1_16' title="bbox 191 1899 969 1975; baseline 0.004 -18"><span class='ocrx_word' id='word_1_107' title='bbox 191 1899 415 1958; x_wconf 85' lang='lat' dir='ltr'>immutationes</span> <span class='ocrx_word' id='word_1_108' title='bbox 440 1899 492 1959; x_wconf 91' lang='lat' dir='ltr'>has</span> <span class='ocrx_word' id='word_1_109' title='bbox 516 1899 664 1975; x_wconf 88' lang='lat' dir='ltr'>profectas</span> <span class='ocrx_word' id='word_1_110' title='bbox 689 1917 750 1958; x_wconf 91' lang='lat' dir='ltr'>esse</span> <span class='ocrx_word' id='word_1_111' title='bbox 773 1919 892 1959; x_wconf 90' lang='lat' dir='ltr'>necesse</span> <span class='ocrx_word' id='word_1_112' title='bbox 916 1902 969 1960; x_wconf 88' lang='lat' dir='ltr'>est.</span> 
     </span>
    </p>

    <p class='ocr_par' dir='ltr' id='par_1_4' title="bbox 192 1985 1315 2422">
     <span class='ocr_line' id='line_1_17' title="bbox 283 1985 1315 2065; baseline -0.001 -20"><span class='ocrx_word' id='word_1_113' title='bbox 283 1987 353 2046; x_wconf 84' lang='lat' dir='ltr'>Alia</span> <span class='ocrx_word' id='word_1_114' title='bbox 385 1993 486 2048; x_wconf 90' lang='lat' dir='ltr'>autem</span> <span class='ocrx_word' id='word_1_115' title='bbox 518 1989 637 2063; x_wconf 90' lang='lat' dir='ltr'>praeter</span> <span class='ocrx_word' id='word_1_116' title='bbox 666 1989 724 2046; x_wconf 89' lang='lat' dir='ltr'>tria</span> <span class='ocrx_word' id='word_1_117' title='bbox 754 1990 826 2048; x_wconf 90' lang='lat' dir='ltr'>haec</span> <span class='ocrx_word' id='word_1_118' title='bbox 859 1992 1043 2065; x_wconf 88' lang='lat' dir='ltr'>quattuorve</span> <span class='ocrx_word' id='word_1_119' title='bbox 1075 1985 1315 2062; x_wconf 87' lang='lat' dir='ltr'>interpolationis</span> 
     </span>
     <span class='ocr_line' id='line_1_18' title="bbox 195 2076 1315 2155; baseline -0.003 -20"><span class='ocrx_word' id='word_1_120' title='bbox 195 2077 322 2152; x_wconf 78' lang='lat' dir='ltr'>vestigia</span> <span class='ocrx_word' id='word_1_121' title='bbox 345 2077 377 2134; x_wconf 87' lang='lat' dir='ltr'>in</span> <span class='ocrx_word' id='word_1_122' title='bbox 401 2077 644 2154; x_wconf 79' lang='lat' dir='ltr'>Frisingensibus</span> <span class='ocrx_word' id='word_1_123' title='bbox 675 2096 734 2135; x_wconf 92' lang='lat' dir='ltr'>non</span> <span class='ocrx_word' id='word_1_124' title='bbox 765 2078 919 2155; x_wconf 84' lang='lat' dir='ltr'>indagavi,</span> <span class='ocrx_word' id='word_1_125' title='bbox 951 2097 1049 2152; x_wconf 87' lang='lat' dir='ltr'>neque</span> <span class='ocrx_word' id='word_1_126' title='bbox 1072 2077 1132 2135; x_wconf 88' lang='lat' dir='ltr'>scio</span> <span class='ocrx_word' id='word_1_127' title='bbox 1165 2095 1202 2132; x_wconf 89' lang='lat' dir='ltr'>an</span> <span class='ocrx_word' id='word_1_128' title='bbox 1225 2076 1315 2150; x_wconf 91' lang='lat' dir='ltr'>plura</span> 
     </span>
     <span class='ocr_line' id='line_1_19' title="bbox 192 2165 1314 2244; baseline -0.003 -21"><span class='ocrx_word' id='word_1_129' title='bbox 192 2167 321 2225; x_wconf 88' lang='lat' dir='ltr'>inveniri</span> <span class='ocrx_word' id='word_1_130' title='bbox 343 2185 403 2225; x_wconf 92' lang='lat' dir='ltr'>non</span> <span class='ocrx_word' id='word_1_131' title='bbox 426 2167 550 2241; x_wconf 90' lang='lat' dir='ltr'>possint.</span> <span class='ocrx_word' id='word_1_132' title='bbox 598 2167 672 2225; x_wconf 83' lang='lat' dir='ltr'>Fuit</span> <span class='ocrx_word' id='word_1_133' title='bbox 704 2167 781 2226; x_wconf 89' lang='lat' dir='ltr'>enim</span> <span class='ocrx_word' id='word_1_134' title='bbox 805 2167 944 2244; x_wconf 84' lang='lat' dir='ltr'>florilegii</span> <span class='ocrx_word' id='word_1_135' title='bbox 974 2167 1065 2224; x_wconf 87' lang='lat' dir='ltr'>buius</span> <span class='ocrx_word' id='word_1_136' title='bbox 1096 2165 1173 2224; x_wconf 90' lang='lat' dir='ltr'>ratio</span> <span class='ocrx_word' id='word_1_137' title='bbox 1203 2165 1240 2223; x_wconf 95' lang='lat' dir='ltr'>ab</span> <span class='ocrx_word' id='word_1_138' title='bbox 1265 2182 1314 2221; x_wconf 86' lang='lat' dir='ltr'>ex-</span> 
     </span>
     <span class='ocr_line' id='line_1_20' title="bbox 193 2254 1315 2331; baseline -0.004 -16"><span class='ocrx_word' id='word_1_139' title='bbox 193 2256 305 2330; x_wconf 89' lang='lat' dir='ltr'>cerptis</span> <span class='ocrx_word' id='word_1_140' title='bbox 329 2255 482 2326; x_wconf 87' lang='lat' dir='ltr'>Parisinis‚</span> <span class='ocrx_word' id='word_1_141' title='bbox 515 2276 593 2331; x_wconf 90' lang='lat' dir='ltr'>quae</span> <span class='ocrx_word' id='word_1_142' title='bbox 623 2256 773 2330; x_wconf 89' lang='lat' dir='ltr'>posterius</span> <span class='ocrx_word' id='word_1_143' title='bbox 796 2257 882 2316; x_wconf 92' lang='lat' dir='ltr'>nobis</span> <span class='ocrx_word' id='word_1_144' title='bbox 913 2257 1071 2315; x_wconf 86' lang='lat' dir='ltr'>tractanda</span> <span class='ocrx_word' id='word_1_145' title='bbox 1095 2257 1194 2327; x_wconf 91' lang='lat' dir='ltr'>erunt,</span> <span class='ocrx_word' id='word_1_146' title='bbox 1225 2254 1315 2330; x_wconf 89' lang='lat' dir='ltr'>longe</span> 
     </span>
     <span class='ocr_line' id='line_1_21' title="bbox 193 2343 1315 2422; baseline -0.002 -20"><span class='ocrx_word' id='word_1_147' title='bbox 193 2344 320 2404; x_wconf 90' lang='lat' dir='ltr'>diversa.</span> <span class='ocrx_word' id='word_1_148' title='bbox 369 2343 448 2402; x_wconf 87' lang='lat' dir='ltr'>Nam</span> <span class='ocrx_word' id='word_1_149' title='bbox 479 2345 505 2403; x_wconf 92' lang='lat' dir='ltr'>is</span> <span class='ocrx_word' id='word_1_150' title='bbox 537 2345 590 2420; x_wconf 91' lang='lat' dir='ltr'>qui</span> <span class='ocrx_word' id='word_1_151' title='bbox 621 2345 827 2422; x_wconf 85' lang='lat' dir='ltr'>Frisingenses</span> <span class='ocrx_word' id='word_1_152' title='bbox 853 2346 970 2422; x_wconf 87' lang='lat' dir='ltr'>eclogas</span> <span class='ocrx_word' id='word_1_153' title='bbox 999 2344 1177 2420; x_wconf 90' lang='lat' dir='ltr'>composuit,</span> <span class='ocrx_word' id='word_1_154' title='bbox 1211 2360 1315 2401; x_wconf 84' lang='lat' dir='ltr'>versus</span> 
     </span>
    </p>
   </div>
   <div class='ocr_carea' id='block_1_4' title="bbox 195 2432 1430 2510">
    <p class='ocr_par' dir='ltr' id='par_1_5' title="bbox 195 2432 1430 2510">
     <span class='ocr_line' id='line_1_22' title="bbox 195 2432 1430 2510; baseline -0.002 -19"><span class='ocrx_word' id='word_1_155' title='bbox 195 2433 249 2509; x_wconf 91' lang='lat' dir='ltr'>qui</span> <span class='ocrx_word' id='word_1_156' title='bbox 273 2437 396 2509; x_wconf 87' lang='lat' dir='ltr'>propter</span> <span class='ocrx_word' id='word_1_157' title='bbox 419 2435 571 2508; x_wconf 90' lang='lat' dir='ltr'>poeticum</span> <span class='ocrx_word' id='word_1_158' title='bbox 595 2435 743 2509; x_wconf 87' lang='lat' dir='ltr'>quendam</span> <span class='ocrx_word' id='word_1_159' title='bbox 770 2435 900 2494; x_wconf 90' lang='lat' dir='ltr'>colorem</span> <span class='ocrx_word' id='word_1_160' title='bbox 923 2434 971 2494; x_wconf 84' lang='lat' dir='ltr'>vel</span> <span class='ocrx_word' id='word_1_161' title='bbox 1002 2452 1122 2493; x_wconf 91' lang='lat' dir='ltr'>sensum</span> <span class='ocrx_word' id='word_1_162' title='bbox 1146 2432 1315 2510; x_wconf 86' lang='lat' dir='ltr'>generalem</span> <span class='ocrx_word' id='word_1_163' title='bbox 1428 2489 1430 2499; x_wconf 76' lang='grc'>,</span> 
     </span>
    </p>
   </div>
   <div class='ocr_carea' id='block_1_5' title="bbox 191 2521 1317 4116">
    <p class='ocr_par' dir='ltr' id='par_1_6' title="bbox 191 2521 1317 4116">
     <span class='ocr_line' id='line_1_23' title="bbox 193 2521 1316 2598; baseline -0.004 -16"><span class='ocrx_word' id='word_1_164' title='bbox 193 2523 220 2582; x_wconf 91' lang='lat' dir='ltr'>ei</span> <span class='ocrx_word' id='word_1_165' title='bbox 244 2523 391 2597; x_wconf 86' lang='lat' dir='ltr'>placuisse</span> <span class='ocrx_word' id='word_1_166' title='bbox 423 2523 574 2594; x_wconf 87' lang='lat' dir='ltr'>videntur,</span> <span class='ocrx_word' id='word_1_167' title='bbox 610 2523 732 2582; x_wconf 91' lang='lat' dir='ltr'>minime</span> <span class='ocrx_word' id='word_1_168' title='bbox 764 2524 849 2582; x_wconf 89' lang='lat' dir='ltr'>auxie</span> <span class='ocrx_word' id='word_1_169' title='bbox 872 2523 1035 2598; x_wconf 86' lang='lat' dir='ltr'>assumpsit</span> <span class='ocrx_word' id='word_1_170' title='bbox 1066 2542 1165 2598; x_wconf 91' lang='lat' dir='ltr'>neque</span> <span class='ocrx_word' id='word_1_171' title='bbox 1197 2521 1316 2580; x_wconf 84' lang='lat' dir='ltr'>curavit</span> 
     </span>
     <span class='ocr_line' id='line_1_24' title="bbox 192 2611 1315 2688; baseline -0.003 -18"><span class='ocrx_word' id='word_1_172' title='bbox 192 2615 299 2670; x_wconf 91' lang='lat' dir='ltr'>utrum</span> <span class='ocrx_word' id='word_1_173' title='bbox 323 2613 385 2670; x_wconf 90' lang='lat' dir='ltr'>suis</span> <span class='ocrx_word' id='word_1_174' title='bbox 408 2613 595 2688; x_wconf 89' lang='lat' dir='ltr'>temporibus</span> <span class='ocrx_word' id='word_1_175' title='bbox 619 2613 774 2672; x_wconf 89' lang='lat' dir='ltr'>offensioni</span> <span class='ocrx_word' id='word_1_176' title='bbox 797 2631 859 2672; x_wconf 86' lang='lat' dir='ltr'>esse</span> <span class='ocrx_word' id='word_1_177' title='bbox 882 2616 1004 2688; x_wconf 88' lang='lat' dir='ltr'>possent</span> <span class='ocrx_word' id='word_1_178' title='bbox 1026 2631 1133 2683; x_wconf 89' lang='lat' dir='ltr'>necne;</span> <span class='ocrx_word' id='word_1_179' title='bbox 1158 2611 1231 2686; x_wconf 89' lang='lat' dir='ltr'>quin</span> <span class='ocrx_word' id='word_1_180' title='bbox 1248 2629 1315 2669; x_wconf 86' lang='lat' dir='ltr'>sen-</span> 
     </span>
     <span class='ocr_line' id='line_1_25' title="bbox 191 2700 1315 2778; baseline -0.002 -20"><span class='ocrx_word' id='word_1_181' title='bbox 191 2701 302 2760; x_wconf 87' lang='lat' dir='ltr'>tentias</span> <span class='ocrx_word' id='word_1_182' title='bbox 339 2702 375 2759; x_wconf 89' lang='lat' dir='ltr'>ad</span> <span class='ocrx_word' id='word_1_183' title='bbox 398 2700 546 2762; x_wconf 89' lang='lat' dir='ltr'>Venerem</span> <span class='ocrx_word' id='word_1_184' title='bbox 577 2705 746 2777; x_wconf 87' lang='lat' dir='ltr'>spectantes</span> <span class='ocrx_word' id='word_1_185' title='bbox 781 2703 883 2761; x_wconf 88' lang='lat' dir='ltr'>studio</span> <span class='ocrx_word' id='word_1_186' title='bbox 914 2702 1044 2778; x_wconf 87' lang='lat' dir='ltr'>quodam</span> <span class='ocrx_word' id='word_1_187' title='bbox 1076 2704 1107 2760; x_wconf 90' lang='lat' dir='ltr'>et</span> <span class='ocrx_word' id='word_1_188' title='bbox 1137 2719 1236 2759; x_wconf 90' lang='lat' dir='ltr'>amore</span> <span class='ocrx_word' id='word_1_189' title='bbox 1265 2719 1315 2757; x_wconf 91' lang='lat' dir='ltr'>ex-</span> 
     </span>
     <span class='ocr_line' id='line_1_26' title="bbox 193 2788 1316 2866; baseline -0.004 -17"><span class='ocrx_word' id='word_1_190' title='bbox 193 2791 334 2865; x_wconf 88' lang='lat' dir='ltr'>cerpsisse</span> <span class='ocrx_word' id='word_1_191' title='bbox 358 2791 480 2849; x_wconf 88' lang='lat' dir='ltr'>videtur</span> <span class='ocrx_word' id='word_1_192' title='bbox 493 2793 526 2866; x_wconf 85' lang='lat'>¹),</span> <span class='ocrx_word' id='word_1_193' title='bbox 552 2791 758 2850; x_wconf 87' lang='lat' dir='ltr'>Parisinorum</span> <span class='ocrx_word' id='word_1_194' title='bbox 781 2793 886 2850; x_wconf 89' lang='lat' dir='ltr'>contra</span> <span class='ocrx_word' id='word_1_195' title='bbox 909 2793 1014 2851; x_wconf 86' lang='lat' dir='ltr'>auctor</span> <span class='ocrx_word' id='word_1_196' title='bbox 1037 2791 1125 2866; x_wconf 88' lang='lat' dir='ltr'>plane</span> <span class='ocrx_word' id='word_1_197' title='bbox 1150 2807 1198 2848; x_wconf 90' lang='lat' dir='ltr'>eas</span> <span class='ocrx_word' id='word_1_198' title='bbox 1220 2788 1316 2847; x_wconf 90' lang='lat' dir='ltr'>refor-</span> 
     </span>
     <span class='ocr_line' id='line_1_27' title="bbox 193 2877 1316 2956; baseline 0 -20"><span class='ocrx_word' id='word_1_199' title='bbox 193 2879 321 2938; x_wconf 88' lang='lat' dir='ltr'>midavit</span> <span class='ocrx_word' id='word_1_200' title='bbox 345 2882 399 2938; x_wconf 89' lang='lat' dir='ltr'>aut</span> <span class='ocrx_word' id='word_1_201' title='bbox 422 2883 502 2939; x_wconf 89' lang='lat' dir='ltr'>totas</span> <span class='ocrx_word' id='word_1_202' title='bbox 527 2881 633 2939; x_wconf 92' lang='lat' dir='ltr'>saltem</span> <span class='ocrx_word' id='word_1_203' title='bbox 657 2881 894 2940; x_wconf 86' lang='lat' dir='ltr'>transformavit.</span> <span class='ocrx_word' id='word_1_204' title='bbox 928 2881 1089 2939; x_wconf 87' lang='lat' dir='ltr'>Praeterea</span> <span class='ocrx_word' id='word_1_205' title='bbox 1112 2877 1316 2956; x_wconf 88' lang='lat' dir='ltr'>grammaticis</span> 
     </span>
     <span class='ocr_line' id='line_1_28' title="bbox 193 2967 1316 3045; baseline 0 -21"><span class='ocrx_word' id='word_1_206' title='bbox 193 2969 320 3028; x_wconf 88' lang='lat' dir='ltr'>maxime</span> <span class='ocrx_word' id='word_1_207' title='bbox 344 2969 512 3028; x_wconf 88' lang='lat' dir='ltr'>rationibus</span> <span class='ocrx_word' id='word_1_208' title='bbox 536 2969 625 3028; x_wconf 90' lang='lat' dir='ltr'>illum</span> <span class='ocrx_word' id='word_1_209' title='bbox 648 2970 774 3029; x_wconf 88' lang='lat' dir='ltr'>ductum</span> <span class='ocrx_word' id='word_1_210' title='bbox 798 2989 870 3041; x_wconf 90' lang='lat' dir='ltr'>esse,</span> <span class='ocrx_word' id='word_1_211' title='bbox 894 2970 920 3029; x_wconf 92' lang='lat' dir='ltr'>si</span> <span class='ocrx_word' id='word_1_212' title='bbox 944 2973 1151 3045; x_wconf 81' lang='lat' dir='ltr'>excerptorum</span> <span class='ocrx_word' id='word_1_213' title='bbox 1175 2967 1316 3027; x_wconf 88' lang='lat' dir='ltr'>lectiones</span> 
     </span>
     <span class='ocr_line' id='line_1_29' title="bbox 193 3056 1317 3134; baseline -0.002 -18"><span class='ocrx_word' id='word_1_214' title='bbox 193 3058 421 3132; x_wconf 87' lang='lat' dir='ltr'>perlustramus,</span> <span class='ocrx_word' id='word_1_215' title='bbox 447 3063 587 3134; x_wconf 87' lang='lat' dir='ltr'>apparet:</span> <span class='ocrx_word' id='word_1_216' title='bbox 612 3077 809 3134; x_wconf 87' lang='lat' dir='ltr'>quaecunque</span> <span class='ocrx_word' id='word_1_217' title='bbox 833 3059 860 3118; x_wconf 93' lang='lat' dir='ltr'>ei</span> <span class='ocrx_word' id='word_1_218' title='bbox 875 3059 1067 3118; x_wconf 87' lang='lat' dir='ltr'>adnotatione</span> <span class='ocrx_word' id='word_1_219' title='bbox 1095 3057 1198 3133; x_wconf 89' lang='lat' dir='ltr'>aliqua</span> <span class='ocrx_word' id='word_1_220' title='bbox 1225 3056 1317 3134; x_wconf 88' lang='lat' dir='ltr'>digna</span> 
     </span>
     <span class='ocr_line' id='line_1_30' title="bbox 195 3145 1316 3221; baseline -0.001 -16"><span class='ocrx_word' id='word_1_221' title='bbox 195 3165 257 3205; x_wconf 90' lang='lat' dir='ltr'>esse</span> <span class='ocrx_word' id='word_1_222' title='bbox 280 3147 470 3221; x_wconf 87' lang='lat' dir='ltr'>videbantur,</span> <span class='ocrx_word' id='word_1_223' title='bbox 496 3149 569 3207; x_wconf 87' lang='lat' dir='ltr'>haee</span> <span class='ocrx_word' id='word_1_224' title='bbox 592 3150 684 3207; x_wconf 89' lang='lat' dir='ltr'>verba</span> <span class='ocrx_word' id='word_1_225' title='bbox 707 3149 756 3206; x_wconf 87' lang='lat' dir='ltr'>vel</span> <span class='ocrx_word' id='word_1_226' title='bbox 779 3168 815 3206; x_wconf 89' lang='lat' dir='ltr'>ex</span> <span class='ocrx_word' id='word_1_227' title='bbox 837 3149 1053 3208; x_wconf 90' lang='lat' dir='ltr'>sententiarum</span> <span class='ocrx_word' id='word_1_228' title='bbox 1078 3165 1194 3207; x_wconf 87' lang='lat' dir='ltr'>conexu</span> <span class='ocrx_word' id='word_1_229' title='bbox 1217 3145 1316 3205; x_wconf 88' lang='lat' dir='ltr'>soluta</span> 
     </span>
     <span class='ocr_line' id='line_1_31' title="bbox 196 3236 1317 3312; baseline -0.003 -17"><span class='ocrx_word' id='word_1_230' title='bbox 196 3237 298 3295; x_wconf 88' lang='lat' dir='ltr'>eadem</span> <span class='ocrx_word' id='word_1_231' title='bbox 321 3256 381 3312; x_wconf 91' lang='lat' dir='ltr'>qua</span> <span class='ocrx_word' id='word_1_232' title='bbox 411 3236 442 3294; x_wconf 93' lang='lat' dir='ltr'>in</span> <span class='ocrx_word' id='word_1_233' title='bbox 465 3237 565 3296; x_wconf 86' lang='lat' dir='ltr'>codice</span> <span class='ocrx_word' id='word_1_234' title='bbox 597 3238 710 3312; x_wconf 87' lang='lat' dir='ltr'>scripta</span> <span class='ocrx_word' id='word_1_235' title='bbox 739 3239 883 3297; x_wconf 84' lang='lat' dir='ltr'>extabant</span> <span class='ocrx_word' id='word_1_236' title='bbox 915 3237 1012 3295; x_wconf 86' lang='lat' dir='ltr'>forma</span> <span class='ocrx_word' id='word_1_237' title='bbox 1042 3237 1075 3294; x_wconf 92' lang='lat' dir='ltr'>in</span> <span class='ocrx_word' id='word_1_238' title='bbox 1099 3238 1238 3310; x_wconf 86' lang='lat' dir='ltr'>excerpta</span> <span class='ocrx_word' id='word_1_239' title='bbox 1261 3253 1317 3292; x_wconf 88' lang='lat' dir='ltr'>sua</span> 
     </span>
     <span class='ocr_line' id='line_1_32' title="bbox 193 3324 1315 3406; baseline 0.002 -22"><span class='ocrx_word' id='word_1_240' title='bbox 193 3325 326 3406; x_wconf 85' lang='lat' dir='ltr'>recepit,¹</span> <span class='ocrx_word' id='word_1_241' title='bbox 340 3329 377 3384; x_wconf 93' lang='lat' dir='ltr'>ut</span> <span class='ocrx_word' id='word_1_242' title='bbox 392 3327 479 3385; x_wconf 86' lang='lat' dir='ltr'>modo</span> <span class='ocrx_word' id='word_1_243' title='bbox 495 3326 615 3384; x_wconf 89' lang='lat' dir='ltr'>nomina</span> <span class='ocrx_word' id='word_1_244' title='bbox 631 3326 831 3404; x_wconf 88' lang='lat' dir='ltr'>geographica</span> <span class='ocrx_word' id='word_1_245' title='bbox 847 3326 886 3405; x_wconf 87' lang='grc' dir='ltr'>(Ι,</span> <span class='ocrx_word' id='word_1_246' title='bbox 905 3332 934 3396; x_wconf 86' lang='grc'>7,</span> <span class='ocrx_word' id='word_1_247' title='bbox 953 3331 982 3390; x_wconf 90' lang='grc'>3.</span> <span class='ocrx_word' id='word_1_248' title='bbox 1003 3332 1040 3389; x_wconf 94' lang='lat' dir='ltr'>ll</span> <span class='ocrx_word' id='word_1_249' title='bbox 1059 3344 1103 3401; x_wconf 90' lang='lat' dir='ltr'>sq.</span> <span class='ocrx_word' id='word_1_250' title='bbox 1128 3324 1186 3397; x_wconf 95' lang='grc' dir='ltr'>ΙΙΙ,</span> <span class='ocrx_word' id='word_1_251' title='bbox 1200 3329 1231 3397; x_wconf 89' lang='grc'>3,</span> <span class='ocrx_word' id='word_1_252' title='bbox 1249 3327 1315 3398; x_wconf 82' lang='lat'>29),</span> 
     </span>
     <span class='ocr_line' id='line_1_33' title="bbox 196 3412 1316 3490; baseline 0.004 -19"><span class='ocrx_word' id='word_1_253' title='bbox 196 3415 282 3474; x_wconf 86' lang='lat' dir='ltr'>modo</span> <span class='ocrx_word' id='word_1_254' title='bbox 307 3432 392 3474; x_wconf 90' lang='lat' dir='ltr'>voces</span> <span class='ocrx_word' id='word_1_255' title='bbox 427 3416 462 3473; x_wconf 87' lang='lat' dir='ltr'>ad</span> <span class='ocrx_word' id='word_1_256' title='bbox 487 3419 624 3476; x_wconf 90' lang='lat' dir='ltr'>veterum</span> <span class='ocrx_word' id='word_1_257' title='bbox 655 3434 752 3474; x_wconf 90' lang='lat' dir='ltr'>mores</span> <span class='ocrx_word' id='word_1_258' title='bbox 783 3420 924 3490; x_wconf 88' lang='lat' dir='ltr'>artesque</span> <span class='ocrx_word' id='word_1_259' title='bbox 955 3417 1123 3490; x_wconf 86' lang='lat' dir='ltr'>spectantes</span> <span class='ocrx_word' id='word_1_260' title='bbox 1147 3412 1183 3489; x_wconf 87' lang='grc' dir='ltr'>(Ι,</span> <span class='ocrx_word' id='word_1_261' title='bbox 1211 3420 1238 3483; x_wconf 90' lang='grc' dir='ltr'>Ι,</span> <span class='ocrx_word' id='word_1_262' title='bbox 1267 3418 1316 3477; x_wconf 85' lang='grc'>17.</span> 
     </span>
     <span class='ocr_line' id='line_1_34' title="bbox 195 3501 1316 3579; baseline -0.004 -15"><span class='ocrx_word' id='word_1_263' title='bbox 195 3501 220 3573; x_wconf 86' lang='grc' dir='ltr'>Ι,</span> <span class='ocrx_word' id='word_1_264' title='bbox 247 3508 275 3575; x_wconf 85' lang='grc'>6,</span> <span class='ocrx_word' id='word_1_265' title='bbox 302 3509 352 3567; x_wconf 83' lang='lat'>79.</span> <span class='ocrx_word' id='word_1_266' title='bbox 377 3503 402 3574; x_wconf 91' lang='grc' dir='ltr'>Ι,</span> <span class='ocrx_word' id='word_1_267' title='bbox 429 3510 458 3576; x_wconf 83' lang='lat'>7,</span> <span class='ocrx_word' id='word_1_268' title='bbox 483 3509 513 3567; x_wconf 78' lang='lat' dir='ltr'>a.</span> <span class='ocrx_word' id='word_1_269' title='bbox 539 3509 590 3568; x_wconf 82' lang='lat'>35.</span> <span class='ocrx_word' id='word_1_270' title='bbox 618 3510 669 3568; x_wconf 81' lang='lat'>45.</span> <span class='ocrx_word' id='word_1_271' title='bbox 694 3504 735 3577; x_wconf 83' lang='grc' dir='ltr'>ΙΙ,</span> <span class='ocrx_word' id='word_1_272' title='bbox 762 3510 792 3578; x_wconf 84' lang='grc'>3,</span> <span class='ocrx_word' id='word_1_273' title='bbox 818 3509 870 3569; x_wconf 81' lang='lat' dir='ltr'>aa.</span> <span class='ocrx_word' id='word_1_274' title='bbox 903 3503 960 3575; x_wconf 86' lang='grc' dir='ltr'>ΠΙ,</span> <span class='ocrx_word' id='word_1_275' title='bbox 986 3509 1016 3576; x_wconf 86' lang='lat' dir='ltr'>e,</span> <span class='ocrx_word' id='word_1_276' title='bbox 1042 3506 1084 3579; x_wconf 84' lang='lat'>2),</span> <span class='ocrx_word' id='word_1_277' title='bbox 1116 3503 1316 3562; x_wconf 65' lang='grc'>1110101111-</span> 
     </span>
     <span class='ocr_line' id='line_1_35' title="bbox 194 3591 1316 3669; baseline -0.003 -18"><span class='ocrx_word' id='word_1_278' title='bbox 194 3593 266 3651; x_wconf 91' lang='lat' dir='ltr'>bula</span> <span class='ocrx_word' id='word_1_279' title='bbox 298 3595 422 3668; x_wconf 86' lang='lat' dir='ltr'>propter</span> <span class='ocrx_word' id='word_1_280' title='bbox 448 3613 549 3652; x_wconf 91' lang='lat' dir='ltr'>raram</span> <span class='ocrx_word' id='word_1_281' title='bbox 580 3612 666 3653; x_wconf 90' lang='lat' dir='ltr'>casus</span> <span class='ocrx_word' id='word_1_282' title='bbox 697 3594 825 3653; x_wconf 89' lang='lat' dir='ltr'>formam</span> <span class='ocrx_word' id='word_1_283' title='bbox 857 3593 1098 3669; x_wconf 89' lang='lat' dir='ltr'>scripturamque</span> <span class='ocrx_word' id='word_1_284' title='bbox 1129 3593 1193 3652; x_wconf 89' lang='lat' dir='ltr'>sive</span> <span class='ocrx_word' id='word_1_285' title='bbox 1222 3591 1316 3669; x_wconf 90' lang='lat' dir='ltr'>signi-</span> 
     </span>
     <span class='ocr_line' id='line_1_36' title="bbox 195 3680 1315 3758; baseline 0 -19"><span class='ocrx_word' id='word_1_286' title='bbox 195 3681 364 3740; x_wconf 89' lang='lat' dir='ltr'>ficationem</span> <span class='ocrx_word' id='word_1_287' title='bbox 388 3683 532 3742; x_wconf 89' lang='lat' dir='ltr'>notabilia</span> <span class='ocrx_word' id='word_1_288' title='bbox 555 3682 592 3758; x_wconf 83' lang='lat' dir='ltr'>(I,</span> <span class='ocrx_word' id='word_1_289' title='bbox 611 3688 640 3753; x_wconf 81' lang='lat'>8,</span> <span class='ocrx_word' id='word_1_290' title='bbox 660 3688 711 3747; x_wconf 84' lang='grc'>51.</span> <span class='ocrx_word' id='word_1_291' title='bbox 735 3683 760 3754; x_wconf 86' lang='grc' dir='ltr'>Ι,</span> <span class='ocrx_word' id='word_1_292' title='bbox 781 3689 831 3754; x_wconf 86' lang='grc'>10,</span> <span class='ocrx_word' id='word_1_293' title='bbox 849 3688 879 3747; x_wconf 86' lang='grc'>8.</span> <span class='ocrx_word' id='word_1_294' title='bbox 903 3682 945 3752; x_wconf 91' lang='grc' dir='ltr'>ΙΙ,</span> <span class='ocrx_word' id='word_1_295' title='bbox 963 3687 994 3753; x_wconf 88' lang='grc'>3,</span> <span class='ocrx_word' id='word_1_296' title='bbox 1014 3688 1064 3746; x_wconf 88' lang='grc'>10.</span> <span class='ocrx_word' id='word_1_297' title='bbox 1085 3686 1134 3746; x_wconf 87' lang='grc'>19.</span> <span class='ocrx_word' id='word_1_298' title='bbox 1159 3680 1200 3752; x_wconf 90' lang='grc' dir='ltr'>ΙΙ,</span> <span class='ocrx_word' id='word_1_299' title='bbox 1226 3687 1256 3752; x_wconf 84' lang='grc'>5,</span> <span class='ocrx_word' id='word_1_300' title='bbox 1282 3683 1315 3757; x_wconf 81' lang='grc'>3)</span> 
     </span>
     <span class='ocr_line' id='line_1_37' title="bbox 195 3769 1316 3849; baseline 0 -21"><span class='ocrx_word' id='word_1_301' title='bbox 195 3771 282 3846; x_wconf 89' lang='lat' dir='ltr'>quasi</span> <span class='ocrx_word' id='word_1_302' title='bbox 297 3770 421 3831; x_wconf 88' lang='lat' dir='ltr'>disiecta</span> <span class='ocrx_word' id='word_1_303' title='bbox 437 3791 581 3830; x_wconf 89' lang='lat' dir='ltr'>versuum</span> <span class='ocrx_word' id='word_1_304' title='bbox 603 3774 738 3832; x_wconf 89' lang='lat' dir='ltr'>membra</span> <span class='ocrx_word' id='word_1_305' title='bbox 761 3772 873 3849; x_wconf 88' lang='lat' dir='ltr'>passim</span> <span class='ocrx_word' id='word_1_306' title='bbox 896 3772 1094 3834; x_wconf 87' lang='lat' dir='ltr'>inveniamus.</span> <span class='ocrx_word' id='word_1_307' title='bbox 1142 3769 1201 3840; x_wconf 78' lang='lat' dir='ltr'>oui</span> <span class='ocrx_word' id='word_1_308' title='bbox 1224 3771 1316 3829; x_wconf 89' lang='lat' dir='ltr'>talem</span> 
     </span>
     <span class='ocr_line' id='line_1_38' title="bbox 195 3859 1317 3937; baseline 0.001 -20"><span class='ocrx_word' id='word_1_309' title='bbox 195 3859 341 3918; x_wconf 89' lang='lat' dir='ltr'>rationem</span> <span class='ocrx_word' id='word_1_310' title='bbox 365 3861 514 3936; x_wconf 88' lang='lat' dir='ltr'>sequitur,</span> <span class='ocrx_word' id='word_1_311' title='bbox 539 3861 564 3920; x_wconf 91' lang='lat' dir='ltr'>is</span> <span class='ocrx_word' id='word_1_312' title='bbox 587 3879 655 3920; x_wconf 90' lang='lat' dir='ltr'>raro</span> <span class='ocrx_word' id='word_1_313' title='bbox 680 3862 759 3937; x_wconf 90' lang='lat' dir='ltr'>quod</span> <span class='ocrx_word' id='word_1_314' title='bbox 782 3865 888 3937; x_wconf 90' lang='lat' dir='ltr'>poetae</span> <span class='ocrx_word' id='word_1_315' title='bbox 907 3861 1193 3936; x_wconf 79' lang='lat' dir='ltr'>verbainterpolet,</span> <span class='ocrx_word' id='word_1_316' title='bbox 1217 3862 1317 3934; x_wconf 89' lang='lat' dir='ltr'>potest</span> 
     </span>
     <span class='ocr_line' id='line_1_39' title="bbox 195 3947 1315 4027; baseline 0 -21"><span class='ocrx_word' id='word_1_317' title='bbox 195 3948 313 4011; x_wconf 90' lang='lat' dir='ltr'>habere.</span> <span class='ocrx_word' id='word_1_318' title='bbox 361 3947 590 4018; x_wconf 77' lang='lat' dir='ltr'>Quamobrem</span> <span class='ocrx_word' id='word_1_319' title='bbox 615 3970 650 4008; x_wconf 88' lang='lat' dir='ltr'>ex</span> <span class='ocrx_word' id='word_1_320' title='bbox 673 3951 820 4026; x_wconf 84' lang='lat' dir='ltr'>excerptis</span> <span class='ocrx_word' id='word_1_321' title='bbox 835 3949 1078 4027; x_wconf 81' lang='lat' dir='ltr'>Frisingensibus</span> <span class='ocrx_word' id='word_1_322' title='bbox 1101 3949 1210 4008; x_wconf 88' lang='lat' dir='ltr'>codicis</span> <span class='ocrx_word' id='word_1_323' title='bbox 1233 3949 1315 4006; x_wconf 90' lang='lat' dir='ltr'>illius</span> 
     </span>
     <span class='ocr_line' id='line_1_40' title="bbox 195 4037 1314 4116; baseline 0.001 -21"><span class='ocrx_word' id='word_1_324' title='bbox 195 4037 393 4114; x_wconf 89' lang='lat' dir='ltr'>vetustique</span> <span class='ocrx_word' id='word_1_325' title='bbox 416 4039 632 4116; x_wconf 83' lang='lat' dir='ltr'>grammaticus</span> <span class='ocrx_word' id='word_1_326' title='bbox 663 4058 737 4098; x_wconf 88' lang='lat' dir='ltr'>usus</span> <span class='ocrx_word' id='word_1_327' title='bbox 769 4043 823 4111; x_wconf 91' lang='lat' dir='ltr'>est,</span> <span class='ocrx_word' id='word_1_328' title='bbox 856 4039 988 4114; x_wconf 90' lang='lat' dir='ltr'>pretium</span> <span class='ocrx_word' id='word_1_329' title='bbox 1016 4038 1104 4100; x_wconf 88' lang='lat' dir='ltr'>facile</span> <span class='ocrx_word' id='word_1_330' title='bbox 1128 4038 1314 4114; x_wconf 84' lang='lat' dir='ltr'>colligemus.</span> 
     </span>
    </p>
   </div>
   <div class='ocr_carea' id='block_1_6' title="bbox 195 4249 1314 4396">
    <p class='ocr_par' dir='ltr' id='par_1_7' title="bbox 195 4249 1314 4396">
     <span class='ocr_line' id='line_1_41' title="bbox 284 4249 1314 4326; baseline 0.001 -21"><span class='ocrx_word' id='word_1_331' title='bbox 284 4249 310 4317; x_wconf 89' lang='lat'>1)</span> <span class='ocrx_word' id='word_1_332' title='bbox 329 4253 435 4307; x_wconf 81' lang='lat' dir='ltr'>Extant</span> <span class='ocrx_word' id='word_1_333' title='bbox 452 4253 483 4306; x_wconf 89' lang='lat' dir='ltr'>in</span> <span class='ocrx_word' id='word_1_334' title='bbox 502 4253 639 4323; x_wconf 87' lang='lat' dir='ltr'>excerptis</span> <span class='ocrx_word' id='word_1_335' title='bbox 657 4254 880 4326; x_wconf 85' lang='lat' dir='ltr'>Frisingensibus</span> <span class='ocrx_word' id='word_1_336' title='bbox 900 4255 994 4310; x_wconf 86' lang='lat' dir='ltr'>versus</span> <span class='ocrx_word' id='word_1_337' title='bbox 1019 4254 1041 4320; x_wconf 91' lang='lat' dir='ltr'>I,</span> <span class='ocrx_word' id='word_1_338' title='bbox 1060 4253 1085 4321; x_wconf 81' lang='lat'>2,</span> <span class='ocrx_word' id='word_1_339' title='bbox 1106 4252 1147 4307; x_wconf 88' lang='lat'>19.</span> <span class='ocrx_word' id='word_1_340' title='bbox 1167 4251 1209 4306; x_wconf 87' lang='lat'>36.</span> <span class='ocrx_word' id='word_1_341' title='bbox 1229 4251 1262 4304; x_wconf 81' lang='lat'>41</span> <span class='ocrx_word' id='word_1_342' title='bbox 1274 4269 1314 4323; x_wconf 89' lang='lat' dir='ltr'>sq.</span> 
     </span>
     <span class='ocr_line' id='line_1_42' title="bbox 195 4323 589 4396; baseline 0.018 -21"><span class='ocrx_word' id='word_1_343' title='bbox 195 4323 216 4390; x_wconf 90' lang='lat' dir='ltr'>I,</span> <span class='ocrx_word' id='word_1_344' title='bbox 235 4323 260 4390; x_wconf 83' lang='lat'>4,</span> <span class='ocrx_word' id='word_1_345' title='bbox 280 4325 304 4379; x_wconf 83' lang='lat'>9.</span> <span class='ocrx_word' id='word_1_346' title='bbox 324 4324 372 4391; x_wconf 85' lang='grc' dir='ltr'>ΙΙΙ,</span> <span class='ocrx_word' id='word_1_347' title='bbox 392 4323 416 4392; x_wconf 84' lang='grc'>2,</span> <span class='ocrx_word' id='word_1_348' title='bbox 437 4325 450 4378; x_wconf 92' lang='grc'>1</span> <span class='ocrx_word' id='word_1_349' title='bbox 471 4343 519 4396; x_wconf 75' lang='lat' dir='ltr'>sq.¹</span> <span class='ocrx_word' id='word_1_350' title='bbox 532 4325 589 4382; x_wconf 87' lang='lat' dir='ltr'>alii.</span> 
     </span>
    </p>
   </div>
   <div class='ocr_carea' id='block_1_7' title="bbox 0 0 1631 5084">
    <p class='ocr_par' dir='ltr' id='par_1_8' title="bbox 0 0 1631 5084">
     <span class='ocr_line' id='line_1_43' title="bbox 0 0 1631 5084; baseline 0 0"><span class='ocrx_word' id='word_1_351' title='bbox 0 0 1631 5084; x_wconf 95' lang='lat' dir='ltr'> </span> 
     </span>
    </p>
   </div>
  </div>
 </body>
</html>
