3242 5084
634 409 850 467 ..51-

181 577 239 652 ΙΠ,
265 583 294 646 6,
320 583 378 642 37,;
401 577 510 654 loquor
533 577 559 637 G
587 613 621 623 -
650 596 759 656 queror
782 580 820 638 Y.

181 694 233 765 IV,
261 699 287 767 l,
313 699 374 758 27:
398 694 517 753 nomine
541 693 568 752 G
595 729 630 738 -
658 695 788 755 carmine
811 695 848 754 Y.

266 789 293 857 1,
319 788 401 847 211:
425 783 544 842 nomina
567 782 594 842 G
619 819 659 830 -—
683 784 815 844 carmina
836 785 873 845 Y.
949 808 952 813 ’

263 879 293 945 3,
319 878 378 938 20:
402 875 490 933 tende
514 872 541 932 G
565 908 606 918 -
630 875 722 951 tange
744 873 807 940 ΥΕ,

270 999 386 1071 Quibus
422 1020 457 1059 ex
488 1000 629 1076 exemplis
660 1019 737 1076 quae
769 1000 858 1060 facile
889 1005 1015 1076 possunt
1045 1002 1168 1081 augeri,
1205 1005 1300 1064 altera

149 1133 151 1137 -
180 1109 318 1166 quaeque
341 1090 430 1150 lectio
453 1090 484 1148 in
509 1089 651 1150 editiones
676 1090 733 1150 erit
755 1089 933 1166 recipienda.

268 1179 312 1237 At
342 1178 419 1238 istae
441 1177 672 1254 Guelferbytani
703 1179 845 1240 lectiones
870 1180 1078 1255 interpolatae,
1102 1183 1240 1257 atquae
1264 1202 1299 1241 ex

180 1268 365 1346 glossematis
389 1272 477 1327 natae
500 1268 679 1339 rideantur,¹
707 1269 737 1326 in
769 1270 850 1329 hunc
880 1269 980 1345 ipsum
1008 1269 1137 1329 codicem
1167 1272 1299 1346 primum

178 1358 333 1435 irrepsisse
356 1377 453 1434 neque
476 1356 537 1415 iam
560 1357 591 1415 in
615 1357 715 1418 codice
738 1361 863 1433 parente
887 1359 1021 1418 extitisse
1043 1360 1145 1435 putari
1162 1363 1297 1436 possunt.

179 1447 275 1519 Quam
299 1449 476 1508 sententiam
500 1467 537 1506 no
559 1449 729 1523 probemus
753 1447 848 1524 ipsius
870 1448 940 1507 libri
964 1447 990 1507 G
1012 1447 1071 1508 fide
1094 1450 1297 1524 prohibemur,

179 1557 268 1614 quem
291 1537 403 1598 librum
428 1558 463 1598 ex
486 1540 607 1596 vetusto
632 1537 792 1612 exemplari
825 1556 917 1613 quam
947 1537 1116 1596 fidelissime
1146 1538 1298 1614 depictum

179 1647 241 1688 csse
264 1627 462 1686 Baehrensius
475 1623 496 1706 ¹)
521 1628 679 1699 autumat3
711 1630 783 1686 sunt
805 1627 903 1704 igitur
925 1627 996 1686 illae
1018 1627 1135 1702 parenti
1160 1626 1298 1687 Guelfer-

177 1717 283 1793 bytani
308 1719 338 1776 et
361 1716 564 1776 Parisinorum
589 1718 797 1791 excerptorum
819 1716 1006 1776 tribuendae.
1054 1715 1150 1786 Quam
1174 1717 1211 1776 ob
1234 1737 1298 1776 rem

177 1807 275 1866 nescio
299 1826 337 1865 an
361 1807 451 1866 etiam
475 1824 578 1865 versus
595 1805 620 1878 Ι,
648 1811 697 1874 10,
722 1809 763 1868 46
788 1805 876 1865 lectio
902 1807 1038 1881 „panda“
1066 1804 1297 1882 Guelferbytani

178 1899 208 1954 et
231 1895 370 1973 florilegii
394 1895 559 1956 communis
582 1895 642 1955 huc
665 1894 830 1970 pertineam
863 1914 898 1953 ex
922 1893 1057 1970 Ovidii2)
1083 1895 1160 1953 enim
1182 1896 1297 1956 ratione

176 1985 312 2060 priorum
334 1987 493 2060 poetarum
518 2002 621 2044 versus
651 1983 790 2043 imitandi
816 1987 856 2043 et·
869 1983 1006 2043 variandi
1028 1984 1104 2042 nihil
1128 1985 1201 2045 certi
1225 2003 1296 2045 con-

177 2074 261 2134 cludi
285 2092 370 2149 posse
394 2073 523 2134 videtur.

266 2162 375 2222 Contra
406 2182 440 2222 ea
466 2163 497 2222 in
528 2162 665 2222 codicum
689 2160 746 2218 AV
775 2162 890 2222 familia
920 2181 1118 2239 quaecunque
1148 2165 1296 2224 vocabula

175 2253 207 2310 in
238 2272 450 2330 germanarum
480 2252 643 2312 lectionum
674 2252 774 2311 locum
805 2253 961 2328 supposita
991 2255 1081 2325 sunt,
1114 2271 1149 2310 ea
1171 2252 1233 2312 fere
1261 2273 1296 2312 ex

175 2361 269 2418 prave
297 2341 458 2402 intellectis
489 2342 597 2402 codicis
630 2341 786 2416 archetypi
809 2341 965 2418 scripturis
988 2341 1123 2416 profecta
1146 2360 1209 2401 esse
1232 2343 1295 2401 veri

174 2431 270 2490 simile
294 2435 347 2492 est.
393 2431 577 2510 Plerumque
606 2431 685 2490 enim
713 2430 867 2490 litterulae
899 2432 1020 2491 tantum
1053 2431 1129 2490 aliae
1150 2434 1295 2506 mutatae,
1345 2455 1357 2484 ι

174 2520 252 2580 aliae
275 2521 393 2580 additae
417 2523 498 2594 sunt,
523 2524 559 2579 ut
583 2520 717 2597 apicibus
741 2518 917 2596 diligentins
937 2519 1081 2578 rimandis
1097 2520 1296 2596 paullumque

174 2602 317 2668 audacius
333 2609 443 2669 litteris
467 2610 650 2686 temptandis
674 2608 824 2686 genuinae
846 2610 988 2670 lectiones
1011 2609 1127 2685 possint
1152 2610 1293 2681 restitui3

174 2699 274 2799 confer
294 2701 395 2799 'modo
429 2699 502 2759 haec
535 2700 643 2758 menda
676 2698 810 2757 omnium
844 2719 923 2774 quae
954 2697 986 2755 in
1012 2697 1040 2755 A
1077 2697 1157 2757 etV
1192 2701 1296 2758 extant

174 2806 370 2865 gravissima:

207 2912 232 2986 Ι,
260 2919 287 2984 1,
313 2918 372 2978 48;
395 2913 466 2991 igne
492 2949 531 2958 -
555 2911 650 2972 imbre
674 2910 700 2971 G
723 2908 823 2987 Paul)

257 3007 284 3073 1,
311 3008 369 3066 54:
395 3002 485 3062 exiles
513 3037 547 3046 -
575 3001 699 3061 hostiles
724 2999 759 3059 G.

255 3098 284 3162 7,
311 3096 348 3155 3:
372 3091 497 3150 fundere
523 3125 558 3133 —
585 3087 783 3168 frangeressG.

186 3205 228 3278 ΙΙ,
258 3212 284 3278 l,
310 3210 367 3270 45:
393 3206 491 3265 Antea
518 3241 552 3249 -
581 3205 683 3264 Aurea
706 3203 742 3263 G.

253 3300 282 3365 3,
307 3300 363 3360 le:
388 3295 532 3356 obsistere
565 3329 590 3337 -
622 3294 756 3354 obsidere
781 3292 817 3352 G.

170 3409 227 3482 III,
256 3417 283 3482 1,
312 3416 368 3474 1οε
393 3410 531 3470 Pumicet
559 3444 593 3454 -
620 3409 735 3468 Pumex
759 3411 789 3467 et
812 3406 848 3469 G.

256 3506 283 3573 1,
307 3504 368 3564 20:
393 3499 490 3558 minor
518 3534 555 3544 -·
580 3519 715 3558 maneam
741 3496 810 3578 Gl)

170 3587 224 3660 IV,
256 3594 285 3660 8,
311 3593 347 3653 8:
373 3589 511 3664 quamvis
540 3623 573 3632 -
602 3588 745 3664 quoniam
769 3584 838 3660 G.⁸)

259 3797 285 3865 1)
305 3799 372 3854 edit.
392 3799 453 3854 Tib.
472 3800 578 3870 proleg.
598 3818 645 3869 pg.
664 3798 744 3852 XVII
762 3799 808 3852 fin.

258 3886 285 3954 2)
305 3888 436 3942 Ovidium
455 3890 528 3942 hunc
547 3889 653 3942 Tibulli
671 3906 781 3942 versum
800 3887 830 3940 in
849 3905 903 3942 am.
923 3886 971 3941 lib.
990 3887 1011 3952 Ι,
1032 3886 1073 3953 13,
1095 3887 1127 3940 16
1145 3887 1290 3941 imitatum

169 3975 227 4014 esse
246 3978 330 4030 supra
349 3961 477 4014 diximus.
515 3960 615 4014 Confer
634 3960 719 4014 etiam
739 3959 890 4013 Baehrensi
915 3958 1042 4012 libellum
1062 3959 1111 4027 qui
1128 3958 1290 4013 inscribitur

169 4029 339 4087 Tibullisohe
365 4031 484 4098 blesen,
511 4051 559 4101 pg.
578 4030 628 4084 62:
653 4031 720 4096 „das
745 4031 795 4084 der
822 4030 995 4084 einfachheit
1023 4030 1071 4084 des
1099 4029 1289 4084 Tibullischen

169 4101 245 4157 stiles
265 4120 493 4173 angemessenere
513 4102 650 4172 subiuga
669 4101 779 4156 curva“.

256 4185 283 4258 3)
303 4193 353 4246 His
381 4192 448 4247 locis
477 4191 569 4246 nescio
597 4210 634 4245 an
661 4191 691 4244 in
725 4190 819 4245 codice
847 4189 1044 4260 archetypoX
1070 4189 1288 4260 interpolatione

167 4267 313 4332 peccatum
332 4265 377 4319 sit.

1090 4350 1128 4402 4*
