3242 5084
635 443 884 524 —ar-'

182 634 329 711 profectas
348 627 423 694 ‘esse
453 637 592 696 tradant:
625 636 667 711 II,
696 643 723 710 l,
751 641 811 701 66:
847 627 965 712 pectine
996 620 1058 696 tela
1080 642 1167 698 sonat
1190 675 1222 682 -
1242 641 1331 700 tela'

182 725 269 782 sonat
291 725 384 784 latere
408 723 442 784 Ο.
479 725 519 796 ΙΙ,
545 731 574 796 6,
600 731 659 790 20:
684 727 791 786 melius
816 745 882 786 cras
905 726 969 788 fore
992 745 1108 803 semper
1132 729 1184 802 ait,
1210 749 1303 806 quam

183 813 340 961 lectionar&
363 814 454 873 etiam
477 815 508 873 in
532 815 674 875 Parisinis
698 816 868 875 invenimus
889 816 1008 875 —fore
1030 836 1096 876 cras
1119 835 1236 894 semper
1260 819 1303 878 ait

181 903 290 962 melrus
342 949 348 960 .

271 1006 349 1077 Quas
381 1027 451 1067 vero
483 1027 563 1068 unus
594 1005 630 1067 A¹
654 992 733 1070 reete
765 1006 893 1070 exhibet*
917 1012 1075 1083 lectiones,
1106 1014 1303 1088 paucissimae

181 1098 254 1153 sunt
277 1100 369 1173 atque
392 1098 483 1157 etiam
507 1100 543 1157 ab
569 1099 610 1158 eis
634 1100 687 1175 qui
711 1119 771 1158 nna
794 1119 863 1159 oum
879 1100 1068 1160 Lachmanno
1091 1103 1177 1163 libris
1200 1103 1228 1161 A
1242 1103 1304 1163 BC

181 1185 316 1262 singulas
351 1187 486 1246 codicum
521 1188 628 1247 classes
667 1189 883 1266 repraesentari
918 1193 1054 1262 censent,
1094 1192 1304 1268 interpolatori

180 1275 367 1335 tribuendae.
410 1276 520 1346 Quodsi
536 1279 571 1336 de
587 1277 721 1337 codicum
738 1277 886 1338 affinitate
902 1298 1091 1355 quaeremus
1112 1281 1165 1340 has
1181 1300 1303 1356 prorsus

181 1363 355 1424 debebimus
374 1366 532 1444 neglegere
555 1386 653 1443 neque
676 1368 753 1426 ullas
776 1367 922 1443 respicere
945 1369 1003 1427 nisi
1027 1388 1075 1429 eas
1099 1370 1210 1445 quibus
1233 1371 1303 1431 libri

180 1449 215 1510 Α1
241 1455 270 1512 et
295 1453 355 1532 0¹)
390 1458 493 1514 eontra
524 1455 670 1515 familiam
692 1457 720 1514 Y
750 1458 931 1532 conspirant.
980 1456 1038 1516 Sed
1069 1460 1161 1518 etiam
1192 1479 1226 1518 ex
1256 1461 1302 1519 his

180 1545 281 1601 nostro
298 1543 364 1602 iure
378 1543 444 1603 illas
460 1546 745 1620 praetermittemus,
770 1564 845 1622 quas
861 1547 892 1604 in
908 1547 1007 1607 codice
1023 1547 1158 1608 Parisino
1183 1568 1303 1625 quoque

180 1633 363 1708 reperimus,
398 1635 539 1709 quoniam
562 1636 642 1694 sicut
664 1635 696 1692 in
719 1634 791 1706 hoc,
825 1635 870 1694 ita
900 1636 993 1696 etiam
1015 1637 1047 1694 in
1078 1637 1184 1697 ceteris
1206 1638 1303 1698 Lach-

179 1721 346 1780 mannianis
379 1741 427 1782 eas
461 1723 631 1783 alibrariis
664 1728 810 1784 correctas
841 1743 902 1784 esse
934 1726 998 1785 veri
1029 1729 1075 1785 est
1105 1726 1300 1786 simillimum.

178 1809 287 1885 Itaque
319 1811 521 1890 quadraginta
552 1832 603 1872 sex
634 1814 842 1874 tantummodo
866 1813 924 1874 loci
955 1817 1089 1887 restant,
1122 1816 1158 1876 de
1189 1817 1301 1892 quibus

177 1900 264 1958 nobis
288 1894 346 1960 erit
370 1902 536 1979 agendum:

906 2042 975 2104 A¹0

738 2172 792 2212 nec
816 2154 934 2230 (prave)

738 2243 806 2301 tum

739 2332 810 2389 dum
835 2334 927 2407 (recte
951 2351 1020 2392 cum
1043 2331 1083 2409 G)

738 2419 778 2479 Et
802 2424 907 2497 (prave
931 2440 999 2480 cnm
1023 2421 1061 2499 G)

738 2513 825 2568 motu
849 2513 943 2588 (recte
966 2531 1034 2570 cum
1058 2509 1097 2593 G)

738 2599 871 2679 emensl)
896 2602 1002 2677 (recte,
1027 2601 1079 2660 sed
1102 2601 1140 2659 ab

175 2683 391 2760 interpolatore
415 2688 622 2759 emendatum,
655 2687 686 2746 id
710 2689 790 2764 quod
820 2709 855 2748 ex
879 2689 1014 2748 codicum
1037 2689 1069 2748 in
1092 2684 1202 2750 verbis
1215 2692 1298 2748 ante·

175 2773 350 2834 cedentibus
373 2775 579 2852 discrepantiis
604 2781 743 2852 apparet:
778 2774 830 2837 A¹:
854 2796 923 2849 non,
950 2798 979 2838 c:
1011 2798 1066 2838 nec
1088 2782 1129 2851 et,
1154 2780 1214 2838 de:
1239 2797 1298 2837 non

134 2927 141 2938 .
176 2864 216 2936 e,
242 2865 324 2940 cum
348 2863 410 2945 0»-

360 2976 390 3045 8,
419 2976 475 3034 14:
500 2974 584 3031 arcta
738 2970 838 3049 arte³)
862 2972 980 3049 (prave)

360 3065 389 3135 9,
415 3065 473 3124 35:
499 3061 626 3136 eriperet
738 3061 866 3138 eriperes
890 3066 982 3140 (recte
1005 3083 1074 3122 eum
1087 3062 1137 3153 G)

175 3215 388 3225 ἡ

265 3307 292 3374 1)
310 3309 461 3378 Perperam
480 3307 667 3380 compluribus
686 3308 754 3363 locis
775 3309 809 3362 de
829 3308 931 3362 codicis
951 3309 971 3362 C
997 3309 1136 3381 scriptura
1160 3311 1297 3367 indicasse

176 3377 245 3431 mihi
263 3381 376 3434 videtur
393 3381 604 3446 Rothsteinius‚
631 3399 694 3435 oum
713 3399 782 3448 quas
801 3380 832 3433 in
850 3380 960 3434 duobus
979 3380 1114 3435 librorum
1132 3399 1147 3435 c
1165 3383 1184 3435 d
1202 3400 1217 3437 e
1236 3402 1298 3454 rep·

175 3450 249 3518 perit
268 3453 401 3506 lectiones
421 3456 515 3522 aptas,
541 3453 591 3506 has
611 3453 641 3507 in
659 3452 709 3506 illo
729 3451 871 3516 extitisse,
896 3469 998 3522 pravas
1024 3452 1054 3506 in
1078 3454 1163 3507 tertio
1187 3455 1297 3510 oblatae

176 3522 289 3577 aliunde
308 3524 412 3592 petitas
432 3542 491 3578 esse
509 3527 630 3593 putaret.
667 3525 706 3577 At
724 3523 882 3591 ubicunque
907 3541 978 3577 nnus
998 3541 1032 3578 ex
1050 3524 1191 3579 codicibus
1211 3544 1225 3580 c
1244 3528 1263 3580 d
1282 3545 1297 3582 e

175 3611 263 3662 prava
288 3596 427 3665 scriptura
454 3614 516 3650 cum
540 3595 649 3649 familia
674 3592 876 3664 Yconspirat‚
902 3595 931 3648 in
956 3593 1073 3663 reliquis
1101 3596 1208 3651 duobus
1233 3616 1297 3652 con-

175 3665 282 3720 iectura
300 3684 397 3721 verum
415 3667 561 3722 inventum
572 3685 630 3721 esse
649 3667 835 3721 certissimum
856 3670 911 3730 est;
930 3683 1012 3721 nemo
1024 3667 1100 3721 enim
1115 3671 1175 3722 tam
1193 3669 1296 3724 stultus

176 3755 235 3860 pse}
254 3739 347 3862 iim
365 3742 397 3793 ut
415 3738 1296 3864 tilistiectmnesuii‘iieiffpimsuindnledtantffliffiumfret:

191 3851 197 3872 ,
236 3852 241 3874 ‚
303 3830 308 3863 :
334 3829 348 3864 e
371 3828 488 3874 „amlcra
557 3828 588 3864 ro
611 3828 643 3875 „a
692 3829 702 3863 1
730 3828 747 3864 a
835 3827 858 3864 e.
909 3852 916 3874 ‚
954 3852 960 3875 ‚
1023 3830 1029 3864 ε
1054 3828 1068 3864 c
1090 3829 1208 3876 „orreum
1265 3832 1296 3868 ro

179 3879 319 4006 „trivipeffi
357 3882 392 4006 {IL
413 3882 436 3947 1,
458 3881 503 3936 73:
524 3830 658 3952 ep„opus“
680 3899 730 3952 pro
752 3879 859 3951 „opes“.
888 3882 922 3946 ΙΙ,
942 3881 967 3947 5,
986 3881 1036 3935 47:
1063 3883 1222 3948 e„rutilis“
1244 3833 1295 3954 iim

179 3955 257 4017 „ruta
271 3951 321 4018 is¹‘‚
341 3970 358 4006 a
372 3953 419 4006 'as

264 4055 291 4121 2)
311 4057 370 4110 Hoc
389 4056 450 4110 loeo
469 4055 673 4109 aLaohmanno
684 4054 715 4108 in
734 4057 874 4125 apparatu
890 4055 987 4111 critico
1003 4060 1126 4111 erratum
1146 4075 1213 4123 esee,
1232 4077 1295 4113 cum

175 4129 305 4183 Heinsius
324 4145 373 4197 pro
393 4127 494 4182 codicis
514 4124 546 4179 A¹
565 4127 685 4181 lectione
710 4127 842 4181 exhibeat
862 4144 932 4190 „non
960 4130 989 4181 et
1007 4128 1131 4195 amans“,
1150 4130 1187 4184 M.
1207 4131 1295 4186 Roth-

176 4200 291 4254 steinius
310 4219 357 4269 pg.
376 4199 411 4251 40
429 4202 574 4254 memorat.

265 4301 293 4372 3)
312 4306 353 4362 De
372 4305 473 4361 codicis
492 4302 524 4360 Α1
544 4305 682 4378 scriptura
701 4305 814 4360 dubitat
831 4305 1033 4361 Rothstcinius.
