3242 5084
623 461 842 522 ..19-

169 631 283 696 tionem
305 631 560 707 reformidaverit‚
593 633 729 711 profecta
761 652 825 695 esse
855 653 915 693 non
937 634 1048 709 potest,
1078 633 1138 694 nisi
1160 632 1245 694 forte·
1261 633 1293 692 in

171 743 261 784 suum
284 723 380 800 ipsius
403 724 562 784 consilium
577 723 739 784 monachus
762 723 816 784 ille
838 721 985 800 peccavit.
1032 721 1113 793 Quin
1136 722 1293 785 autemid

174 815 381 890 excerptorum
396 813 495 874 codice
512 813 676 890 archetypo
691 813 780 874 lectio
800 815 899 887 „uno“
923 811 1068 883 extiterit,
1093 830 1162 872 cum
1177 811 1293 871 codices

171 923 190 961 n
214 904 244 962 et
267 922 287 978 p
309 903 389 963 inter
420 922 451 962 se
482 905 659 980 congruant,
692 902 827 962 dubitari
854 901 970 978 nequit.
1016 901 1126 976 Itaque
1157 919 1192 960 ex
1215 901 1293 960 libro

170 993 299 1070 integro,
324 1011 384 1068 quo
408 995 563 1068 excerptor
586 1011 659 1050 usus
692 995 746 1063 est,
779 1012 845 1052 eam
868 991 900 1048 in
922 990 1104 1068 florilegium
1135 1007 1208 1048 casu
1231 1007 1294 1048 esse

171 1085 357 1157 assumptam
381 1081 594 1144 existimamus

260 1170 418 1230 Praeterea
445 1171 476 1230 iu
506 1171 608 1231 eodem
639 1169 716 1230 libro
747 1187 852 1230 versus
883 1167 938 1239 IV,
975 1174 1002 1242 1,
1037 1172 1079 1233 39
1103 1187 1170 1243 sqq.
1202 1186 1294 1243 prave
1410 1174 1412 1182 ’

47 1326 49 1332 ,
171 1263 259 1320 erant
281 1260 434 1331 collocati;
466 1280 521 1319 cur
544 1261 623 1320 enim
647 1259 813 1335 excerptori
835 1257 1049 1334 transponendi
1077 1257 1202 1327 fuerint,
1235 1275 1294 1316 non

170 1350 369 1427 intellegitur,
401 1368 499 1425 neque
522 1350 559 1409 de
581 1349 783 1410 recentiorum
806 1347 998 1408 librariorum
1017 1346 1188 1406 temeritate
1211 1345 1295 1424 cogi-

170 1443 237 1498 tare
269 1457 437 1515 possumus.
493 1438 623 1498 Videtur
653 1441 756 1497 autem
787 1437 841 1496 illa
872 1455 1015 1496 versuum
1047 1434 1203 1512 dispositio
1226 1435 1295 1494 inde

171 1531 245 1588 nata
268 1545 331 1588 esse
354 1529 434 1604 quod
457 1528 555 1589 scriba
578 1527 649 1588 libri
673 1527 811 1598 alicuius,
845 1545 914 1588 cum
942 1522 1040 1585 oculis
1062 1545 1081 1582 a
1102 1524 1203 1601 priore
1225 1544 1294 1600 par-

171 1618 266 1678 ticula
293 1617 409 1693 ,Nam“
437 1619 479 1694 (v.
494 1616 549 1699 39)
574 1617 612 1676 ad
634 1616 831 1693 posteriorem
854 1613 898 1694 (v.
912 1615 968 1696 45)
993 1613 1204 1685 aberravisset,
1227 1616 1296 1690 post

171 1726 294 1768 versum
317 1712 357 1772 47
384 1726 418 1766 ea
454 1726 532 1783 quae
565 1705 825 1783 praetermiserat,
858 1704 1100 1780 transpositionis
1131 1703 1218 1782 signo
1241 1723 1295 1780 ap·

172 1797 270 1873 posito
293 1795 430 1871 inseruit,
455 1797 536 1873 quod
566 1795 684 1873 signum
713 1797 819 1871 postea
842 1815 859 1854 a
881 1793 1013 1854 librariis
1042 1792 1215 1870 neglectum
1238 1795 1295 1856 est.

173 1885 318 1947 Versibus
341 1903 412 1946 vero
436 1885 478 1946 sic
507 1884 698 1960 transpositis
721 1883 916 1960 interpolatio
939 1901 1045 1942 versus
1069 1887 1122 1955 39,
1155 1881 1208 1958 qui
1231 1881 1295 1958 ipse

173 1974 295 2034 videtur
318 1976 478 2050 corruptus
501 1974 604 2048 inisse,
639 1992 733 2050 paene
763 1973 845 2034 facta
875 1976 921 2032 est
943 1971 1119 2045 necessaria,
1156 1973 1193 2030 nt
1215 1971 1296 2030 haud
1381 1995 1385 2000 ⁴

172 2063 290 2123 iniuria¹
307 2063 339 2121 in
362 2063 462 2124 codice
486 2083 521 2124 ex
545 2082 604 2140 quo
638 2064 778 2140 excerpta
809 2065 932 2139 sumpta
955 2062 1037 2132 sunt,
1069 2061 1126 2120 hoc
1149 2060 1297 2136 scriptum

173 2153 266 2212 fuisse
289 2151 465 2238 opinemur:
499 2152 562 2212 Nec
585 2151 746 2228 quisquam
775 2152 890 2211 maiora
913 2151 993 2229 gerit
1015 2150 1159 2210 castrisve
1181 2149 1295 2209 lorove.

263 2241 334 2302 Alia
365 2241 650 2318 interpolationem,
687 2260 763 2318 quas
795 2240 868 2300 libri
902 2240 985 2300 illius
1019 2240 1133 2300 scribae
1163 2238 1297 2314 tribuere

174 2331 333 2407 possimne,
364 2331 494 2410 vestigia
516 2351 575 2390 non
598 2330 757 2409 indagavi3
793 2350 855 2406 qua
886 2329 924 2388 de
946 2347 1038 2390 causa
1060 2327 1192 2404 reliquas
1214 2327 1297 2387 flori·

173 2420 245 2498 legii
267 2421 409 2480 lectiones
433 2439 508 2496 quas
532 2421 570 2480 ab
594 2422 765 2496 excerptore
788 2439 847 2480 nou
864 2437 926 2480 esse
948 2418 1295 2495 interpolatasconstat,

175 2513 295 2585 praeter
325 2510 434 2569 menda
463 2509 608 2571 nonnulla
630 2509 812 2584 scripturae,
846 2508 947 2584 qualia
975 2508 1008 2567 in
1038 2507 1144 2569 ceteris
1176 2526 1296 2584 quoque

175 2599 328 2659 codicibus
343 2599 537 2675 reperiuntur
551 2597 692 2675 plurima,
717 2597 840 2656 maximi
854 2597 945 2675 pretii
961 2616 1023 2676 esse
1046 2597 1134 2658 duco,
1181 2596 1294 2656 Tamen

174 2688 207 2746 in
229 2688 395 2748 Tibulliani
418 2688 512 2748 libelli
535 2687 605 2748 crisi
627 2687 793 2747 factitanda
826 2677 969 2764 excerpta
989 2687 1125 2745 Parisina
1148 2689 1237 2746 caute
1261 2704 1296 2746 ac

175 2777 298 2853 provide
331 2777 497 2838 adhibenda
533 2795 595 2836 esse
630 2780 769 2853 apparet3
805 2796 904 2853 neque
934 2777 1069 2836 editores·
1096 2776 1170 2835 alias
1203 2795 1296 2851 quam

175 2885 251 2942 quas
273 2867 461 2944 integrorum
484 2867 620 2928 codicum
644 2866 801 2942 scripturis
835 2867 1012 2926 antecellere
1034 2884 1121 2925 nemo
1144 2883 1204 2923 non
1227 2885 1296 2940 per-

175 2956 273 3031 spicit,
305 2956 447 3017 lectiones
476 2956 508 3014 in
537 2958 656 3015 textum
685 2957 873 3031 receperunt,
906 2959 1068 3032 antequam
1095 2954 1296 3014 Baehrensius

176 3045 259 3105 aliud
282 3046 379 3122 poesis
395 3065 464 3105 vere
480 3045 668 3104 Tibullianae
690 3044 878 3121 indagandae
901 3044 1009 3104 attulit
1024 3043 1205 3103 subsidium.
1237 3041 1296 3102 Sed

175 3135 212 3194 de
234 3135 290 3194 hac
313 3135 459 3195 retortio
482 3135 580 3210 sapite
602 3133 833 3211 disputabimus.
880 3133 971 3192 Nunc
1000 3133 1074 3209 quid
1097 3133 1134 3192 de
1155 3132 1297 3210 florilegii

175 3222 283 3284 Gallici
306 3243 376 3284 cum
391 3223 634 3302 Frisingensibus
656 3222 887 3300 fragmentoqus
899 3221 1061 3282 Ouiaciano
1075 3221 1296 3282 necessitudine

175 3313 276 3391 colligi
298 3313 403 3389 possit,
427 3313 592 3374 videamus.
1161 3375 1164 3380 ,

264 3401 378 3462 Verum
393 3402 482 3478 pauci
498 3404 602 3462 extant
617 3419 722 3461 vorsus
736 3401 847 3476 quibus
870 3399 944 3459 haec
965 3399 1045 3458 inter
1067 3418 1099 3459 se
1123 3418 1296 3475 comparare

174 3491 272 3554 liceat.
320 3491 523 3570 Frisingensia
546 3491 667 3568 quidem
690 3492 831 3566 excerpta
853 3489 955 3549 decem
982 3491 1104 3547 tantum
1127 3492 1297 3565 suppetunt

174 3580 256 3656 locis,
279 3581 334 3641 ubi
357 3581 492 3640 Parisina
515 3600 574 3640 non
597 3580 739 3641 videntur
762 3579 945 3654 interpolata
977 3578 1014 3638 ab
1038 3580 1210 3655 excerptore
1233 3581 1296 3654 (eos

175 3671 254 3730 enim
277 3689 382 3730 versus
406 3689 481 3746 quos
504 3689 604 3730 omnes
627 3669 697 3729 libri
718 3661 883 3728 ¹Tibulliani
905 3669 987 3728 recte
1011 3667 1161 3738 exhibent,
1184 3667 1241 3729 hac
1264 3668 1296 3726 in

175 3759 350 3836 quaestione
364 3763 466 3821 nostro
481 3759 548 3820 iure
561 3758 858 3834 praetermittimus);
887 3756 1048 3835 quinquies
1061 3759 1166 3817 contra
1183 3761 1297 3818 ceteros

175 3849 289 3909 codices
312 3849 392 3909 inter
415 3868 446 3908 ss
469 3852 643 3926 congruunt
671 3847 820 3926 florilegia
843 3844 882 3927 (I,
911 3853 938 3918 l,
964 3852 994 3911 2.
1020 3851 1050 3910 5.
1076 3851 1118 3911 34
1142 3845 1224 3927 [Par.
1249 3847 1295 3929 p.]

177 3943 227 4002 71.
251 3937 309 4012 ΙΙΙ,
336 3943 365 4011 6,
389 3943 432 4002 44
457 3940 625 4014 [cavere]);
657 3935 704 3996 bis
732 3937 763 3994 in
795 3937 943 4012 excerptis
965 3934 1108 3994 Parisinis
1141 3955 1296 3996 unacum

175 4027 327 4087 codicibus
345 4029 450 4086 contra
465 4026 666 4105 Frisingensia
689 4029 847 4101 peccatum
871 4029 916 4085 est
939 4025 976 4104 (Ι,
1003 4030 1031 4095 1,
1057 4030 1098 4089 25
1123 4044 1183 4101 quo
1206 4019 1297 4086 uersu

175 4115 250 4192 quin
280 4117 312 4174 in
340 4115 439 4175 codice
471 4133 505 4176 eo
531 4115 610 4175 unde
643 4115 826 4192 florilegium
855 4112 1006 4174 Gallicum
1037 4113 1208 4174 derivatum
1240 4119 1295 4190 est,

174 4205 263 4265 lectio
299 4209 458 4280 ,possum“
492 4204 642 4278 extiterit,
674 4223 761 4263 nemo
796 4202 964 4277 dubitabit,
999 4204 1030 4261 et
1052 4202 1077 4275 I,
1103 4210 1133 4275 3,
1159 4208 1219 4276 86,
1242 4205 1297 4264 ubi

176 4295 238 4354 sola
261 4294 463 4372 Frisingensia
498 4313 604 4354 verum
633 4295 778 4369 praebent
803 4290 945 4372 ,colu“);
976 4292 1067 4352 semol
1089 4292 1296 4352 Parisinorum

1100 4397 1136 4450 2*
