3242 5084
646 595 686 602 ..
736 563 775 622 57
814 589 867 604 ,-

198 737 252 805 est,
277 735 352 794 duas
375 753 428 795 nos
451 735 560 796 habere
583 737 745 796 sententias
768 736 900 812 turpiter
923 737 1082 808 conflatas,
1108 736 1213 813 quales
1235 735 1261 795 si
1283 736 1315 794 in

195 824 280 883 libris
303 824 422 900 scriptis
446 828 543 885 essent
565 826 704 895 traditae,
730 827 868 886 omnibus
884 825 1029 888 machinis
1052 825 1154 901 potius
1177 825 1315 884 dirimere

196 915 364 988 oportebat.

286 1019 370 1090 Quae
391 1039 438 1080 res
462 1019 677 1081 Baehrensium
699 1021 817 1092 fefellit,
840 1040 899 1080 non
921 1020 1029 1081 fefellit
1049 1021 1236 1096 Richterum,
1261 1022 1315 1098 qui

196 1109 243 1168 vir
259 1109 364 1169 doctus
388 1110 635 1190 interpretatione
658 1111 713 1170 hoo
730 1111 942 1169 emendationis
966 1129 1038 1170 suae
1061 1111 1172 1169 vitium
1195 1111 1315 1170 studuit

196 1203 342 1262 amovere.
381 1198 522 1273 „Inertia,
545 1199 656 1275 inquit,
681 1217 796 1274 semper
820 1200 933 1276 aliquid
956 1200 1190 1275 reprehensionis
1213 1201 1313 1271 habet,

195 1290 233 1347 ut
257 1288 283 1346 ei
307 1287 455 1347 obiciatur
488 1289 540 1363 qui
572 1289 662 1348 alicui
692 1289 812 1366 negotio
845 1289 1031 1364 exsequendo
1062 1289 1160 1365 impar
1183 1308 1245 1350 esse
1269 1288 1314 1348 vi·

196 1377 285 1436 detur
309 1377 481 1455 (unfahig);
506 1377 559 1439 cfr.
583 1377 662 1436 inira
685 1397 714 1437 v.
741 1382 796 1442 58:
821 1378 920 1455 segnis
943 1378 1082 1453 inersque
1097 1397 1195 1450 vocer,
1213 1398 1241 1437 v.
1257 1383 1312 1442 71:

195 1466 274 1525 iners
299 1469 389 1525 aetas.
436 1466 545 1542 Itaque
568 1467 646 1526 iners
670 1467 733 1525 vita
757 1467 812 1527 hoo
835 1467 900 1527 loco
925 1467 995 1526 eius'
1011 1470 1056 1527 est
1079 1467 1133 1544 qui
1156 1469 1235 1544 quod
1258 1467 1314 1525 mi·

196 1555 295 1614 litiam
318 1557 466 1615 detrectat
490 1559 519 1614 et
543 1556 663 1615 divitias
676 1556 755 1615 bello
771 1559 926 1634 congestas
942 1557 1078 1632 despicit,
1102 1558 1219 1615 nullum
1237 1557 1315 1616 inter

196 1645 274 1704 cives
298 1645 414 1704 obtinet
426 1665 584 1704 numerum
611 1645 670 1722 (ein
693 1645 812 1704 thaten·
837 1646 900 1704 und
915 1645 1081 1705 ruhmloses
1096 1646 1204 1721 leben).
1238 1644 1314 1704 Gon·
1402 1684 1407 1688 -

196 1734 350 1794 iunctivus
383 1737 485 1793 autem
509 1734 673 1809 (traducat)
704 1753 762 1792 non
791 1735 940 1810 optantis,
973 1735 1024 1793 sed
1054 1735 1238 1794 concedentis
1270 1738 1315 1794 est

196 1825 340 1899 totusque
370 1823 452 1882 locus
484 1823 528 1882 ita
559 1823 713 1900 explanari
743 1824 850 1883 debet:
888 1824 992 1882 Patiar
1022 1845 1069 1883 me
1103 1826 1226 1900 propter
1257 1823 1314 1881 mi·

195 1912 280 1972 litiae
296 1913 539 1972 detrectationem
557 1915 587 1972 et
602 1916 812 1989 paupertatem
833 1933 928 1972 meam
951 1913 1014 1972 sine
1036 1933 1138 1973 rerum
1161 1915 1314 1990 gestarum

197 2002 302 2075 laude,
331 2002 394 2061 sine
421 2002 532 2061 honore
561 2005 590 2060 et
614 2002 761 2080 dignitate
784 2003 879 2062 vitam
907 2002 1027 2080 degere,
1057 2003 1218 2061 dummodo
1242 2022 1266 2063 e.
1285 2022 1313 2077 q.

194 2094 260 2167 sq.“
298 2089 346 2150 Sic
377 2095 456 2150 certe
489 2091 620 2167 optimus
652 2091 752 2150 eradit
795 2109 916 2150 sensus:
959 2092 1061 2151 Vitam
1092 2091 1251 2168 ingloriam
1285 2095 1314 2150 et

197 2181 355 2240 obscuram
378 2181 483 2258 degam
507 2199 629 2258 pauper,
654 2181 815 2240 dummodo
845 2180 917 2239 belli
940 2180 1092 2240 laboribus
1115 2199 1229 2240 vacuus
1253 2198 1315 2239 esse

196 2269 316 2344 possim.
357 2270 400 2328 At
415 2269 549 2344 profecto
565 2270 601 2328 de
613 2289 715 2328 rerum
731 2273 885 2347 gestarum
908 2270 1006 2342 laude,
1032 2270 1068 2328 de
1091 2270 1202 2329 honore
1217 2269 1314 2346 digni-

195 2360 321 2435 tateque
344 2359 423 2418 bello
446 2362 534 2434 parta
565 2359 640 2417 nibil
665 2359 784 2418 omnino
808 2362 896 2434 poeta
928 2359 1119 2436 significavit.
1166 2357 1315 2429 Quidnam

196 2447 280 2506 aliud
303 2448 367 2507 vita
389 2448 441 2506 illa
464 2448 542 2507 iners
566 2451 665 2524 potest
688 2448 825 2524 intellegi
848 2447 905 2506 nisi
936 2448 992 2507 hoc
1018 2449 1103 2522 „viae
1126 2449 1234 2525 longae
1257 2467 1315 2506 non

195 2555 311 2612 semper
334 2537 471 2597 deditum
495 2555 566 2609 esse,
592 2537 642 2596 sed
665 2539 721 2597 sub
747 2537 861 2598 arboris
883 2539 992 2596 umbra
1016 2537 1175 2597 Caniculae
1199 2540 1316 2597 aestum

194 2626 324 2698 vitare“,
350 2627 526 2703 praesertim
549 2647 618 2686 oum
641 2645 745 2686 versus
767 2627 799 2685 hi
823 2627 1018 2702 praecedant:

408 2743 539 2803 Divitias
562 2743 638 2803 alius
661 2743 745 2803 fulvo
769 2743 827 2803 sibi
850 2749 991 2822 congerat
1014 2763 1086 2804 auro

462 2833 501 2891 Et
525 2835 626 2892 teneat
649 2833 725 2893 culti
747 2833 853 2910 iugera
874 2833 972 2892 multa
995 2834 1059 2906 soli,

410 2920 505 2991 Quem
527 2923 617 2982 labor'
636 2922 778 2981 adsiduus
791 2923 901 2982 'vicino
924 2924 1037 2982 terreat
1059 2923 1154 2992 hoste,

359 3009 362 3014 ’
463 3011 574 3070 Martia
598 3013 646 3070 cui
670 3029 786 3070 somnos
810 3012 932 3071 classica
954 3013 1042 3088 pulsa
1064 3012 1181 3089 fugent,

195 3127 307 3202 quibus
331 3127 467 3187 versibus
492 3127 603 3203 optime
628 3130 829 3203 accurateque
851 3129 1011 3203 respondet
1043 3146 1147 3187 versus
1171 3127 1314 3203 quintus3

194 3236 265 3275 narn
294 3216 424 3293 priorem
455 3217 546 3275 buius
578 3219 694 3292 partem
721 3236 798 3292 quae
832 3219 894 3276 est:
930 3217 996 3290 „Me
1027 3236 1093 3276 mea
1121 3219 1314 3292 paupertas“‚

194 3306 291 3381 primo
316 3306 429 3383 elegiae
452 3306 588 3376 disticho,
612 3305 807 3382 posteriorem
824 3305 908 3364 illam
934 3307 1017 3380 „vita
1040 3307 1180 3365 traducat
1202 3305 1312 3364 inerti“

149 3419 152 3422 ·
194 3395 324 3454 secundo
358 3395 524 3470 oppositam
558 3413 620 3454 esse
652 3398 795 3470 apparet,
826 3395 941 3454 divitiis
965 3415 1090 3470 parvam
1111 3398 1218 3470 poetae
1241 3392 1314 3468 rem,

194 3484 269 3544 belli
299 3485 452 3544 laboribus
481 3484 612 3546 adsiduis
645 3485 739 3543 vitam
770 3485 906 3543 inertem.
953 3483 1020 3554 Qua
1050 3486 1086 3544 de
1116 3502 1207 3543 causa
1228 3503 1315 3544 nemo

195 3573 250 3649 qui
272 3576 348 3634 hano
372 3573 499 3651 elegiam
522 3575 639 3652 integro
662 3574 817 3650 liberoque
840 3574 939 3632 animo
962 3574 1052 3652 leget,
1077 3574 1203 3634 inertem
1225 3573 1315 3632 istam

194 3662 292 3722 vitam
307 3663 466 3740 ingloriam
482 3666 574 3739 atque
590 3665 747 3723 obscuram
766 3663 959 3739 interpretari
976 3664 1097 3739 poterit,
1122 3663 1173 3722 sed
1189 3663 1315 3722 otiosam

194 3755 317 3812 tantum
340 3752 473 3828 bellique
496 3752 676 3812 intineribus
699 3753 796 3826 longis
820 3772 957 3812 vacuam.

285 3859 328 3918 At
351 3859 461 3917 dixerit
495 3859 562 3935 quis
593 3864 696 3919 vocem
728 3880 804 3936 quae
834 3864 878 3920 est
904 3861 1052 3936 „possim“
1087 3859 1214 3918 maxime
1247 3879 1314 3934 pre·
1415 3917 1418 3922 .

195 3948 333 4007 mendam
359 3951 388 4008 et
412 3949 447 4007 de
472 3949 614 4008 Messalae
638 3949 834 4009 contubernio
857 3968 919 4009 esse
943 3949 1145 4027 cogitandum.
1180 3947 1237 4008 Sed
1259 3949 1315 4008 hoo

195 4037 222 4096 si
246 4037 408 4116 significari
431 4038 575 4097 voluisset
607 4041 705 4113 poeta,
730 4057 788 4098 non
816 4039 995 4114 ,dummodo
1017 4039 1160 4114 possim“,
1193 4039 1244 4097 scd
1270 4037 1315 4111 „si

195 4127 302 4185 modo“
329 4127 457 4187 scribere
480 4145 596 4187 necesse
618 4127 695 4199 fuit;
726 4148 824 4204 neque
854 4147 907 4204 per
938 4148 967 4187 v.
994 4133 1035 4192 53
1058 4146 1123 4204 sqq.
1156 4127 1198 4187 sio
1221 4127 1314 4185 inter-

195 4217 308 4291 pretari
332 4217 412 4282 licet.
460 4217 629 4276 Reiciamus
661 4217 757 4295 igitur
779 4217 1170 4293 Baehrensiilllichterique
1198 4216 1313 4276 coniec-

195 4309 298 4364 turam
319 4309 425 4381 utpote
449 4327 526 4382 quae
550 4306 671 4366 minime
694 4308 731 4366 ad
754 4307 830 4366 hanc
852 4307 1031 4366 sententiam
1054 4307 1104 4366 sit·
1118 4308 1197 4382 apta.

286 4394 461 4456 Emendatio
485 4416 555 4456 vero
585 4415 618 4454 ea
642 4417 733 4473 quam
750 4396 915 4455 *Lucienus
939 4397 1065 4456 Mueller
1088 4395 1193 4454 Haasii
1215 4396 1313 4454 trans·
