3242 5084
662 475 859 535 ..5-

287 651 345 724 ΙΙΙ,
370 656 402 721 4,
427 655 468 714 89
493 650 517 707 F
542 649 623 708 solus
647 648 786 708 exhibet:

339 739 501 816 Scyllaque
524 738 691 816 virgineam
715 737 842 800 canibus
865 738 1017 798 succincta
1039 738 1178 816 figuram,

200 830 290 890 ceteri
314 848 432 889 omnes:
461 828 650 904 „submixta“
677 828 725 887 vel
752 827 937 902 „submista“
965 830 1069 903 aperta
1092 826 1321 905 interpolatione

199 920 334 978 tradunt.

287 1008 344 1080 III,
371 1013 400 1079 6,
426 1012 466 1072 23
492 1007 516 1064 F
540 1006 661 1066 scribit:

350 1096 460 1167 Quales
484 1096 530 1155 his
553 1114 662 1172 poenas
686 1095 784 1171 qualis
808 1098 1002 1172 quantusque
1024 1093 1167 1166 minetur,

197 1188 233 1246 de
266 1207 327 1263 qua
361 1186 488 1248 lectione
519 1185 656 1262 quamvis
680 1183 791 1263 frigida
815 1187 845 1244 et
868 1185 968 1257 inani,
1002 1185 1033 1242 in
1056 1183 1205 1262 Lygdami
1228 1202 1320 1243 versu

198 1276 337 1335 dubitare
360 1295 420 1334 non
442 1275 563 1348 licebit;
589 1274 680 1334 ceteri
702 1274 831 1334 codices:
857 1272 972 1344 Quales
990 1273 1036 1333 his
1051 1293 1160 1351 poenas
1175 1273 1249 1333 deus
1273 1273 1321 1334 hic

198 1368 408 1442 quantumque
432 1368 444 1441 (
466 1366 511 1424 el:
536 1366 755 1440 quaecumque)
779 1364 922 1423 minetur.
1374 1370 1377 1375 '

286 1455 340 1526 IV,
367 1461 396 1525 6,
423 1459 462 1519 62
488 1454 512 1511 F
536 1456 675 1529 praebet:

388 1544 435 1602 Tu
458 1562 534 1619 puer
556 1544 576 1617 i,
601 1542 752 1617 liquidum
776 1542 887 1602 fortius
910 1542 985 1602 adde
1008 1562 1136 1614 merum,

197 1633 309 1709 optime
333 1636 370 1693 ut
391 1633 529 1704 videtur,
561 1651 616 1708 pro
639 1650 673 1692 eo
697 1633 776 1708 quod
807 1633 839 1690 in
867 1631 974 1692 ceteris
997 1634 1154 1691 exaratum
1178 1633 1239 1690 est:
1272 1630 1320 1689 'Fu

197 1741 273 1798 puer
296 1725 327 1782 et
350 1722 501 1798 liquidum
524 1741 550 1781 e.
575 1741 604 1798 q.
629 1739 653 1780 s,

286 1811 340 1886 IV,
368 1817 396 1886 l,
422 1816 463 1876 39
488 1811 519 1869 in
541 1811 565 1868 F
589 1810 749 1870 scribitur:

347 1901 427 1960 Nam
451 1900 519 1976 quis
541 1903 572 1960 te
595 1899 709 1960 maiora
732 1899 811 1977 gerit
834 1899 978 1960 castrisue
991 1902 1031 1976 (1)
1055 1899 1168 1970 lorove,

197 1991 289 2050 ceteri
321 1991 478 2050 exhibent:
515 1989 613 2066 „Nam
649 1989 762 2066 quique
792 1989 883 2062 tibi“‚
918 1987 1072 2064 „Quisque
1102 1988 1192 2060 tibi“,
1227 1986 1320 2064 „Quis

197 2079 253 2139 tibi
276 2085 376 2152 nam“‚
402 2080 461 2139 alia
485 2082 589 2139 contra
613 2097 732 2138 sensum
756 2081 811 2138 aut
834 2097 939 2137 versus
963 2081 1103 2138 metrum.

285 2169 339 2241 IV,
368 2175 395 2241 1,
422 2175 480 2234 55:
505 2169 546 2227 F:
571 2169 678 2240 lothes,
703 2168 809 2227 ceteri:
834 2168 953 2243 ciclcps.

285 2258 339 2331 IV,
366 2266 394 2332 l,
419 2263 461 2323 70
485 2277 529 2334 sq.
553 2258 585 2316 in
608 2258 776 2335 fragmento
800 2259 899 2316 extat:

368 2348 461 2406 Illum
483 2347 563 2407 inter
586 2347 721 2425 geminae
744 2349 866 2406 nantem
889 2345 1017 2406 confinia
1040 2345 1146 2405 mortis

369 2437 432 2497 Nec
456 2435 573 2513 Scyllae
595 2455 685 2496 saevo
708 2436 875 2496 conterruit
897 2436 1028 2511 impetus
1051 2454 1112 2507 ore,

195 2526 306 2601 reliqui
330 2545 430 2586 omnes
464 2545 555 2602 prave
584 2526 726 2586 exhibent
760 2524 870 2600 „Illum
893 2524 1096 2602 tergeminae“
1132 2527 1161 2584 et
1196 2526 1318 2599 „orhe“.

283 2615 338 2688 IV,
367 2623 393 2690 1,
423 2621 483 2680 142
508 2633 613 2676 versus
637 2615 813 2675 emendandi
836 2615 860 2672 F
884 2617 965 2675 certe
992 2633 1095 2673 ansam
1118 2616 1240 2690 praebet
1264 2632 1318 2692 op-

195 2705 318 2779 timam3
344 2705 399 2765 hcc
423 2706 502 2765 enim
525 2705 556 2763 iu
581 2724 614 2764 ec
638 2707 721 2764 extat
744 2707 920 2764 exaratum:

369 2794 465 2855 Ardet
489 2794 615 2855 arectais
639 2797 694 2854 aut
716 2794 797 2853 unda
820 2793 994 2869 perhospita
1016 2793 1138 2868 campis,

195 2884 284 2954 ceteri
308 2887 412 2944 contra
434 2884 505 2944 libri
529 2884 739 2963 gravissimam
761 2884 890 2942 tradunt
913 2882 1193 2957 interpolationem:

369 2991 481 3051 Creteis
505 2991 590 3050 ardet
613 2993 668 3050 aut
689 2991 772 3050 unda
795 2991 917 3050 caristia
939 2990 1061 3066 campis

282 3096 335 3171 IV,
364 3103 391 3172 1,
419 3102 480 3162 185
513 3098 555 3156 F:
589 3097 731 3157 fecundas
771 3097 809 3156 ad
849 3096 1017 3156 deficientia
1050 3095 1171 3168 messis,
1207 3098 1316 3158 ceteri:

193 3186 328 3246 fecundis
351 3187 552 3247 indeficientia
574 3187 692 3246 mensis.

282 3275 335 3347 IV,
363 3283 391 3347 l,
417 3281 481 3341 200
505 3276 546 3334 F:
571 3275 699 3350 vincere,
724 3274 835 3337 ceteri:
859 3276 991 3336 mittere.

282 3364 337 3434 IV,
366 3371 392 3436 l,
418 3370 481 3430 205
506 3365 530 3423 F
554 3365 691 3425 exhibet:
1155 3424 1158 3429 ,

322 3453 382 3515 Seu
405 3458 525 3514 matura
547 3454 610 3514 dies
632 3455 757 3514 celerem
781 3457 922 3530 properat
944 3455 1019 3514 mihi
1041 3457 1179 3526 mortem,

194 3545 361 3605 ceterorum
385 3544 535 3620 scriptura
573 3544 654 3620 „dies
677 3544 740 3608 fato
764 3547 926 3620 properat“
962 3564 998 3604 ex
1029 3545 1209 3623 glossemate
1232 3544 1313 3604 vocis

194 3653 271 3708 quae
294 3636 339 3694 est
362 3633 434 3708 dice,
459 3634 525 3695 crta
548 3634 678 3693 videtur.

280 3741 334 3814 IV,
360 3746 391 3812 3,
416 3746 434 3805 3
459 3741 502 3800 F:
527 3740 649 3816 proelia,
674 3740 783 3801 ceteri:
808 3743 929 3816 pectore
952 3742 1000 3801 vel
1022 3743 1151 3818 pectore.

281 3829 334 3905 IV,
361 3835 390 3902 6,
417 3836 433 3894 7
459 3830 483 3887 F
506 3832 649 3906 praebet:

336 3919 379 3978 At
400 3922 447 3994 tu,
471 3922 584 3991 sancta,
608 3919 676 3979 fave
698 3939 759 3978 neu
782 3919 851 3996 quis
873 3919 997 3979 divellat
1020 3923 1164 3992 amantes,

194 4008 301 4066 ceteri:
330 4029 384 4084 „ne
407 4027 460 4069 nos
483 4009 641 4083 divellat“,
666 4007 740 4085 quin
763 4008 855 4068 etiam
880 4029 959 4085 „neu
981 4009 1044 4068 id“.

281 4115 335 4188 IV,
361 4121 390 4192 7,
415 4121 433 4180 5
457 4135 502 4193 sq.
525 4116 558 4175 in
580 4116 605 4174 F
628 4116 670 4176 sic
692 4115 876 4176 traduntur:

516 4223 584 4282 Mea
606 4222 717 4300 gaudia
740 4224 853 4296 narret,

449 4311 574 4376 Dicetur
597 4312 623 4371 si
645 4312 714 4394 quis
736 4330 796 4374 non
819 4311 957 4376 habuisse
977 4331 1044 4387 sua,
