3242 5084
781 391 1000 454 ...30-

331 561 429 622 icrma
451 581 487 622 ex
510 561 660 638 scriptura
683 561 792 647 cpdicis
816 561 973 624 cuiusdam
989 563 1043 640 qui
1068 563 1260 624 exhibuerat:
1283 563 1352 640 Ipse
1374 563 1454 624 inter

331 668 437 728 greges
452 650 591 728 interque
608 652 676 725 etc,
699 671 771 712 voce
787 671 865 727 quae
881 655 927 712 est
950 658 1047 729 ,que“
1067 672 1157 730 super
1171 652 1256 728 prius
1272 653 1454 713 vocabulum

334 739 449 814 „inter“
486 739 705 817 superscripta3
742 741 824 817 quod
855 760 924 801 cum
954 743 1051 803 scriba
1079 760 1139 801 non
1171 743 1252 802 recte
1273 741 1453 819 intellegens

330 831 399 888 ante
422 847 525 890 vocem
551 829 666 902 ,inter“
693 830 875 906 particulam
897 831 992 904 illam,
1016 831 1113 891 forma
1135 831 1167 888 in
1188 835 1346 907 „quoque“
1372 849 1452 890 com·

329 920 449 977 mutata
484 918 539 994 (sic
570 918 618 977 vel
641 918 779 979 similiter
800 919 917 978 factum
939 923 1027 998 puto)
1058 920 1253 991 inseruisset,
1285 919 1394 980 codicis
1425 920 1454 978 A

330 1007 472 1066 librarius
502 1009 539 1066 ut
562 1008 664 1066 versui
687 1011 893 1080 succurreret,
924 1009 1106 1070 vocabulum
1130 1008 1210 1085 quod
1234 1011 1279 1068 est
1304 1013 1449 1086 „greges“

330 1096 361 1154 in
388 1100 514 1174 „agros“
541 1097 786 1168 transformavit,
818 1097 958 1158 Vaticani
989 1101 1091 1158 autem
1114 1098 1212 1158 scriba
1234 1098 1383 1158 intactum
1405 1117 1452 1157 re-

329 1186 438 1261 liquit,
473 1185 518 1246 ita
541 1189 578 1245 ut
600 1191 680 1246 certe
704 1186 961 1263 Guelferbytanus
992 1207 1167 1265 germanam
1199 1205 1303 1247 versus
1326 1188 1452 1247 formam

208 1320 212 1327 -
330 1276 470 1336 exhibeat
493 1275 588 1336 solus:

475 1363 546 1441 Ipse
567 1364 707 1440 interque
730 1384 837 1442 greges
860 1364 999 1440 interque
1023 1368 1159 1426 armenta
1182 1364 1307 1442 Cupido.

419 1453 511 1513 Vides
534 1453 645 1530 quibus
673 1453 745 1512 locis
769 1455 860 1515 codex
884 1453 910 1514 G
933 1475 1002 1516 cum
1025 1473 1086 1514 uno
1110 1455 1244 1515 alterove
1267 1454 1401 1515 codicum
1423 1454 1452 1512 A

306 1546 361 1603 ,et
383 1542 412 1600 V
434 1543 610 1616 consentiat,
635 1542 724 1604 illum
745 1543 808 1603 fere
831 1562 934 1604 veram
957 1544 1116 1604 lectionem
1131 1545 1282 1620 praebere,
1306 1563 1376 1604 cum
1398 1545 1453 1603 aut

329 1633 358 1691 A
381 1636 436 1692 aut
459 1631 486 1689 V
510 1632 548 1691 ab
572 1632 728 1709 archetypi
752 1633 903 1709 scriptura
926 1633 1155 1708 aberraverit.¹)

420 1719 477 1781 Sed
509 1723 613 1782 extant
645 1721 735 1780 etiam
765 1723 934 1798 complures
956 1723 1032 1796 loci,
1057 1721 1169 1798 quibus
1193 1740 1274 1781 unus
1297 1721 1326 1780 A
1348 1724 1451 1782 contra

330 1829 507 1871 consensum
530 1811 659 1870 duorum
683 1811 811 1870 aliorum
834 1812 866 1871 id
889 1813 970 1888 quod
994 1811 1176 1888 archetypus
1198 1811 1359 1886 praebuit,
1383 1830 1451 1889 pro·

166 1955 167 1958 ,
270 1965 272 1968 ,
330 1901 466 1978 pagavit,
491 1900 593 1960 velut:
629 1899 654 1972 Ι,
681 1904 710 1974 6,
738 1905 795 1965 12:
827 1900 865 1972 A,
878 1898 970 1964 A¹B:
1005 1905 1079 1961 tunc
1102 1900 1219 1981 (recte),
1243 1900 1326 1961 VG:
1361 1920 1451 1976 nunc,

331 1990 411 2065 quod
434 1989 543 2048 horum
566 1992 695 2065 uterque
723 1989 799 2049 false
829 1992 953 2066 propter
976 1991 1152 2050 antecedens
1178 1995 1295 2064 „nunc“
1322 1991 1450 2066 scripsit.

331 2078 372 2152 ΙΙ,
400 2085 428 2154 1,
454 2080 512 2144 22:
549 2078 632 2137 AB:
668 2077 800 2156 ingeret,
836 2078 920 2152 VG,
943 2075 1027 2138 A¹02
1051 2078 1185 2158 ingerat,
1220 2081 1302 2154 quod
1336 2079 1451 2140 librarii

330 2167 529 2228 coniunctivis
564 2185 707 2227 versuum
744 2173 781 2232 19
816 2170 847 2229 et
877 2174 919 2234 20
952 2169 1074 2228 adducti
1105 2171 1309 2228 correxerunt.
1354 2168 1396 2240 II,
1421 2174 1451 2242 5,

332 2262 391 2321 64:
417 2256 527 2316 Aac:
551 2256 676 2329 Noscar,
700 2255 728 2313 V
741 2255 783 2316 G:
808 2257 931 2329 Noscat,
955 2257 1030 2317 falso
1053 2261 1292 2330 commutatum
1316 2253 1452 2318 A¹V²ce

329 2349 411 2406 recte
434 2348 645 2407 correxerunt:
670 2345 789 2407 Vesear.
818 2346 873 2422 IV,
892 2353 920 2422 l,
940 2352 1021 2411 171:
1045 2347 1073 2405 A
1088 2347 1114 2404 B
1127 2346 1166 2406 O:
1190 2347 1282 2419 lenta,
1307 2347 1384 2421 VG,
1400 2343 1450 2405 A¹:

329 2435 410 2516 leta,
447 2453 579 2513 eprava
602 2435 791 2508 coniectura,
826 2456 895 2497 cum
918 2436 1032 2496 scribae
1055 2436 1204 2495 librorum
1226 2436 1338 2496 laetam
1360 2437 1452 2496 vitem

329 2527 366 2584 ut
388 2525 508 2600 saepius
531 2525 641 2584 dictam
665 2542 728 2585 esse
751 2525 937 2601 putaverint.

419 2613 581 2674 Nonnullis
612 2633 683 2674 vero
715 2615 787 2674 locis
818 2615 927 2674 codicis
949 2615 978 2673 A
1006 2614 1149 2676 librarius
1183 2618 1264 2676 recte
1297 2614 1452 2692 archetypi

328 2703 487 2765 lectionem
520 2703 703 2772 emendavit,
738 2703 841 2764 velut:
865 2703 891 2776 I,
917 2709 947 2775 3,
975 2708 1033 2768 13:
1066 2703 1142 2775 VG,
1179 2701 1255 2774 Alci:
1291 2723 1450 2782 nusquam,

329 2791 438 2852 ABc:
474 2811 638 2869 nunquam.
684 2791 725 2866 ΙΙ,
751 2797 781 2867 2,
810 2798 848 2857 19
880 2793 912 2851 in
935 2793 963 2851 A
987 2793 1138 2869 particula
1168 2796 1237 2869 „et“
1264 2793 1373 2854 omissa
1396 2797 1449 2864 est,

329 2901 421 2958 quam
446 2880 512 2940 VG
535 2901 570 2941 ex
594 2881 755 2958 archetypo
777 2882 913 2948 tradunt,
960 2881 1014 2955 lV,
1042 2889 1069 2953 l,
1095 2888 1135 2946 55
1160 2883 1288 2960 denique
1303 2883 1332 2941 A
1355 2884 1451 2942 solum

330 2970 450 3031 exhibet
476 2973 643 3046 „vertere“,
668 2989 737 3030 cum
759 2971 901 3031 librarius
924 2971 956 3030 id
971 2971 1052 3048 quod
1067 2971 1099 3029 in
1115 2973 1278 3049 archetypo
1295 2975 1450 3032 exaratum

330 3065 405 3132 eret,
429 3079 487 3120 non
511 3060 699 3138 intellegere,
731 3061 810 3120 sicut
834 3061 925 3120 etiam
948 3061 1021 3120 alias
1043 3061 1125 3135 fecit,
1149 3062 1330 3139 particulam
1356 3064 1446 3138 „cou“

328 3150 415 3224 plane
438 3149 582 3210 omiserit.

417 3238 482 3298 Iam
507 3241 632 3315 apparet
653 3238 745 3298 libros
773 3237 802 3298 A
825 3241 857 3298 et
879 3238 907 3296 V
931 3237 1113 3299 auctoritate
1142 3239 1205 3299 fere
1235 3257 1321 3316 pares
1354 3258 1449 3316 neque

328 3329 430 3408 tamen
459 3327 659 3404 interpolandi
681 3328 854 3389 temeritate
876 3329 966 3404 plane
988 3328 1097 3388 liberos
1120 3346 1192 3403 esse,
1216 3348 1285 3388 cum
1307 3329 1339 3386 in
1362 3331 1448 3388 utrc-

329 3436 389 3493 que
424 3416 624 3494 aequabiliter
658 3420 861 3478 correctorum
899 3417 1147 3477 commutationes
1184 3418 1447 3493 deprehendamus.

328 3505 440 3566 Tamen
464 3506 563 3566 codice
586 3504 849 3582 (luelferbytano,k
865 3526 955 3583 quem
985 3506 1062 3565 alius
1085 3507 1216 3566 familiae
1239 3525 1302 3567 esse
1324 3507 1373 3568 hic
1395 3522 1448 3584 pro

329 3599 411 3656 certo
435 3615 530 3674 pono,
554 3595 632 3654 infra
655 3595 754 3655 fusius
777 3597 997 3669 demonstrabo,
1022 3595 1173 3667 adhibito,
1204 3596 1312 3656 codicis
1335 3601 1372 3656 ut
1394 3597 1448 3655 hcc

328 3686 420 3745 verbo
443 3687 514 3744 utar
536 3684 669 3761 parentis
692 3683 737 3766 (et
760 3684 825 3744 eius
848 3705 884 3746 ex
907 3703 967 3761 quc
990 3703 1097 3760 parens
1119 3688 1210 3744 natus
1233 3688 1290 3761 est)
1322 3687 1448 3762 speciem

329 3775 469 3852 colligere
496 3792 664 3850 possumus
712 3773 786 3842 Erat
816 3775 868 3834 ille
900 3773 1122 3833 characteribus
1154 3775 1374 3851 langobardicis
1398 3794 1447 3834 er·

328 3866 444 3934 aratus,
478 3863 510 3922 id
533 3863 612 3940 quod
643 3883 679 3922 ex
710 3863 821 3923 litteris
843 3884 866 3922 u
889 3866 919 3923 et
942 3883 972 3932 n,
995 3881 1017 3922 u
1041 3865 1071 3922 et
1094 3883 1121 3936 a,
1145 3865 1259 3937 cett,
1290 3883 1320 3921 m
1353 3866 1383 3924 et
1405 3865 1445 3938 in,

328 3952 394 4012 aliis
417 3954 497 4012 inter
520 3971 551 4013 se
574 3952 706 4012 confusis
730 3953 846 4024 elucet,
881 3956 911 4012 et
940 3951 1031 4010 unius
1062 3951 1194 4011 familiae
1217 3955 1281 4011 erat
1303 3971 1446 4031 propage,

419 4165 444 4234 l)
462 4166 684 4221 Lachmanniani
698 4165 780 4220 modo
799 4183 863 4220 cum
876 4167 927 4219 hoc
940 4164 1022 4219 modo
1036 4183 1099 4219 cum
1112 4165 1162 4219 illo
1180 4170 1338 4235 congruunt
1356 4131 1445 4235 neque

327 4241 432 4295 certam
451 4238 543 4308 legem
563 4238 642 4306 sequi
660 4238 798 4292 videntur.
