3242 5084
774 431 993 492 ..36-

319 603 398 664 11110
421 604 452 662 in
476 604 581 681 ceteris
606 622 727 680 quoque
752 606 855 684 elegiis
879 604 1047 665 intercedit.
1084 605 1164 663 Nam
1185 604 1288 664 nullus
1311 603 1373 663 lere
1397 605 1444 662 est

320 694 414 767 locus,
438 693 557 752 utiam
580 711 671 770 supra
694 695 810 754 dictum
834 698 889 768 est,
914 694 1075 770 paululum
1092 693 1251 763 difficilior,
1276 712 1367 770 quem
1381 711 1442 751 non

320 783 499 857 conjecturis
523 783 631 842 codicis
654 778 690 841 Α1
712 784 855 843 librarius
878 783 1073 860 temptaverit
1096 787 1151 842 aut
1166 784 1339 843 commentis
1354 801 1443 858 saepe

319 872 513 948 ineptissimis
529 873 748 947 depravaverit.
773 873 906 933 Afferam
922 893 1019 948 pauca
1034 872 1124 932 haec:
1145 873 1171 945 I,
1185 878 1214 946 2,
1229 877 1266 936 3:
1283 890 1385 932 amans
1401 907 1438 916 -

320 980 402 1021 amor
425 960 496 1037 0¹).
533 960 558 1036 I,
573 967 603 1035 2,
619 965 757 1039 selah:
783 960 1121 1039 exspue—despueO.
1152 961 1177 1036 Ι,
1196 967 1226 1031 3,
1245 966 1304 1026 261
1336 981 1442 1021 succu-

319 1051 420 1110 buisse
439 1085 479 1095 —
498 1051 669 1112 secubuisse
685 1049 719 1113 0.
754 1052 779 1125 I,
804 1057 835 1123 4,
861 1055 921 1116 22:
946 1052 1025 1112 freta
1048 1052 1146 1128 longa,
1171 1071 1263 1126 quam
1285 1051 1442 1110 lectionem

320 1140 519 1200 Baehrensius
542 1140 574 1197 in
597 1140 789 1200 adnotatione
811 1161 863 1219 pg.
889 1140 995 1199 XVIII
1018 1140 1156 1200 editionis
1179 1159 1252 1199 suae
1274 1160 1357 1200 mera
1379 1140 1442 1198 sive

319 1229 510 1308 neglegentia
542 1229 604 1288 sive
638 1230 870 1306 interpolatione
900 1234 1034 1290 exortam
1070 1249 1132 1289 esse
1166 1232 1248 1290 11111
1280 1229 1441 1298 contendit,

320 1338 388 1378 cum
404 1319 507 1378 eadem
522 1319 553 1376 in
569 1320 680 1396 pagine
695 1320 806 1378 mirum
821 1320 853 1378 in
873 1321 994 1379 modum
1011 1321 1079 1378 inde
1101 1319 1182 1394 quod
1205 1322 1311 1378 auctor
1333 1319 1440 1376 florum

321 1409 537 1468 auctoritatum
560 1408 719 1468 moralium
727 1407 754 1484 ²)
778 1427 900 1469 versum
923 1409 1011 1468 illum
1034 1408 1162 1468 tradidit
1184 1408 1246 1468 ita:

532 1514 624 1573 Irrita
647 1535 700 1593 per
723 1519 819 1576 terras
843 1520 873 1576 et
896 1516 986 1594 longa
1008 1515 1087 1575 freta
1109 1515 1222 1586 ferunt,
1250 1554 1253 1559 ·

321 1620 476 1691 coniceret,
501 1641 625 1696 pravam
647 1622 723 1682 hano
746 1623 905 1683 lectionem
931 1622 1041 1699 „longa
1063 1622 1173 1692 freta“,
1198 1620 1288 1679 etiam
1304 1639 1323 1678 a
1337 1638 1441 1678 versus

320 1713 417 1769 metro
450 1710 660 1770 abhorrentem
691 1731 726 1770 ex
754 1713 862 1772 codicis
886 1711 1117 1788 Guelferbytani
1141 1711 1250 1786 stirpe,
1284 1729 1361 1784 quae
1391 1728 1440 1766 ex-

320 1799 437 1858 hiberet
452 1799 546 1872 ,1011
570 1806 706 1859 summa“
734 1819 797 1861 esse
821 1801 996 1877 profectam.
1035 1800 1092 1858 Sed
1116 1818 1202 1858 nemo
1225 1798 1330 1881 opinor
1353 1797 1441 1856 dubi-

319 1887 415 1960 tabit,
452 1888 526 1964 quin
560 1890 711 1965 scriptura
745 1890 855 1950 florum
886 1893 966 1950 auct.
1002 1907 1077 1948 mor.
1115 1909 1130 1948 e
1163 1889 1342 1965 glossemate
1376 1886 1442 1945 voci

323 1981 478 2053 „summa“
514 1980 717 2060 superscripto
748 1979 903 2055 irrepserit
932 1983 962 2039 et
984 1978 1061 2038 falsa
1083 1977 1240 2036 metathesi
1264 1995 1356 2051 quam
1378 1995 1442 2035 sae·

319 2066 440 2142 pissime
463 2066 493 2125 in
518 2066 634 2127 Tibulli
656 2069 807 2128 codicibus
831 2068 1049 2144 deprehendere
1072 2085 1241 2143 possumus,
1266 2066 1369 2124 exorta
1392 2065 1440 2128 sit.

320 2155 473 2214 Glossema
497 2159 599 2216 autem
622 2157 699 2216 illud
726 2159 853 2237 „longa“
879 2158 947 2217 inde
963 2157 1051 2216 duxit
1066 2157 1222 2234 originem,
1247 2155 1327 2230 quod
1342 2174 1441 2232 gram·

320 2245 449 2304 maticus
473 2247 595 2321 quidam
618 2247 709 2306 medii
732 2248 799 2308 aevi
823 2247 930 2306 melius
961 2266 1014 2322 per
1045 2246 1135 2322 longa
1159 2245 1253 2302 maria
1277 2263 1367 2319 quam
1390 2262 1443 2319 per

320 2334 506 2410 superficiem
522 2335 652 2394 merium
668 2336 792 2396 Veneris
809 2337 942 2412 periuria
956 2335 1029 2395 ferri
1053 2335 1167 2394 dictum
1191 2353 1253 2392 esse
1277 2333 1442 2391 arbitratus

321 2427 375 2482 111.
433 2422 570 2500 Itemque
604 2423 834 2502 Guelferbytani
865 2425 953 2485 lectio
985 2425 1055 2484 inde
1095 2425 1161 2482 orta
1192 2423 1330 2493 videtur,
1363 2421 1442 2497 quod

321 2513 518 2590 grammatico
535 2514 633 2575 1111110
650 2514 699 2574 cui
723 2515 873 2590 scriptura
899 2515 983 2589 ,loca
999 2517 1135 2572 summa“
1163 2514 1250 2590 (dber
1266 2512 1324 2570 alle
1339 2512 1442 2588 berge)

320 2602 416 2679 magis
440 2622 531 2677 quam
554 2603 607 2662 illa
630 2603 788 2664 intellectu
811 2604 915 2680 paullo
938 2603 1089 2662 difficilior
1115 2621 1187 2676 „per
1210 2601 1288 2660 frete
1304 2603 1439 2658 summa“

321 2691 469 2766 placebat.
494 2691 520 2763 Ι,
539 2696 569 2763 4,
588 2698 629 2756 50
645 2689 681 2751 A¹
699 2693 868 2753 exhibuisse
880 2692 1016 2751 ridetur:
1033 2691 1166 2750 humeris
1177 2709 1268 2768 neges
1280 2724 1314 2733 -
1325 2689 1443 2748 humeri

321 2785 431 2858 negent
454 2778 489 2839 0.
523 2779 547 2851 Ι,
567 2785 598 2854 6,
616 2786 676 2846 501
701 2781 818 2841 invitus
842 2781 931 2856 (mira
953 2781 1197 2856 interpolatione)
1214 2815 1248 2822 —
1265 2781 1391 2837 eventus
1407 2776 1440 2836 0.

321 2868 345 2939 I,
372 2874 401 2940 9,
428 2873 487 2933 601
514 2889 605 2945 quam
620 2871 718 2929 -vel
741 2869 775 2930 0.
815 2871 840 2943 I,
863 2876 896 2940 8,
923 2876 978 2932 51:
1002 2870 1163 2928 11111111-
1178 2869 1294 2928 sontica
1316 2865 1441 2938 GFris,

321 2958 436 3017 sentica
460 2957 492 3032 0,
517 2960 628 3018 sentite
650 2959 686 3019 Y.
719 2959 761 3033 H,
779 2965 806 3032 1,
827 2964 883 3024 171
908 2959 1053 3018 formosos
1074 2958 1260 3018 -fumosos
1285 2955 1319 3016 Ο.
1353 2955 1394 3026 ΙΙ,
1412 2961 1441 3026 3,

321 3051 379 3110 421
404 3048 501 3106 multo
524 3047 711 3108 innumeram
734 3049 839 3126 ingere
859 3083 894 3092 —-
914 3067 1017 3113 ovem:
1042 3048 1137 3105 multa
1152 3047 1309 3106 innumera
1336 3045 1442 3121 iugera

325 3155 435 3194 —ove
460 3135 493 3196 Ο.
528 3137 568 3208 ΙΙ,
594 3143 624 3208 4,
651 3143 710 3202 231
744 3137 828 3197 donis
849 3137 981 3196 -fanis
1005 3135 1040 3200 0.
1080 3137 1121 3206 ΙΙ,
1148 3141 1176 3208 5,
1203 3141 1262 3199 681
1297 3137 1443 3212 grataque

321 3225 401 3300 quod
424 3225 542 3285 monuit
560 3261 600 3270 -
618 3232 705 3304 grate
729 3229 807 3304 quod
828 3227 989 3286 admonuit
1012 3224 1047 3284 0.
1078 3225 1120 3293 II,
1139 3231 1168 3297 5,
1187 3229 1245 3288 91:
1269 3224 1384 3300 petenti
1402 3257 1439 3268 -

322 3314 441 3390 parenti
465 3313 499 3374 Ο.
536 3315 576 3386 ΙΙ,
604 3321 740 3386 5,108:
777 3316 960 3375 illa-ista
983 3313 1018 3374 Ο.
1051 3315 1093 3385 ΙΙ,
1119 3320 1148 3386 6,
1175 3314 1439 3377 5111111111-

288 3433 291 3440 *
322 3406 395 3465 tuno
429 3423 511 3462 mens
536 3402 570 3463 Ο.
614 3405 667 3477 IV,
696 3412 722 3478 l,
753 3411 809 3469 19:
846 3405 1031 3464 descenderit
1066 3403 1218 3483 (1111111Β1
1248 3437 1280 3445 —-
1296 3402 1442 3461 desederit

322 3491 396 3552 Or.
431 3493 490 3564 IV,
517 3499 554 3564 6,
585 3498 637 3557 19:
674 3495 868 3554 adveniet-
888 3495 989 3553 veniet
1012 3493 1046 3552 Ο.
1101 3493 1141 3551 Et
1171 3513 1208 3552 ne
1238 3492 1290 3551 illo
1322 3491 1442 3568 quidem

252 3613 254 3616 ·
321 3583 421 3641 studio
453 3600 557 3642 versus
589 3583 626 3642 ad
649 3581 749 3642 Ovidii
780 3587 876 3642 artem
906 3583 1094 3642 subtiliorem
1117 3581 1337 3651 commutandi,
1361 3581 1441 3656 quod

320 3671 379 3729 iam
411 3671 442 3728 in
474 3672 620 3748 excerptis
642 3672 785 3732 Parisinis
817 3672 1083 3749 deprehendimus,
1115 3671 1225 3731 codicis
1247 3669 1441 3730 Eboracensis

321 3760 462 3820 librarius
493 3760 570 3820 liber
591 3760 684 3822 fuisse
707 3762 848 3834 videtur,
881 3781 950 3821 cum
981 3760 1057 3820 tales
1079 3760 1323 3837 interpolationes
1346 3762 1384 3818 ab
1408 3777 1441 3818 10

410 3990 437 4075 l)
456 3987 515 4047 Hoc
530 3991 610 4061 signo
624 3991 748 4047 codicem
764 3993 949 4062 archetypum
968 3992 1094 4046 omnium
1112 3991 1246 4045 librorum
1256 3989 1442 4044 recentiorum

321 4064 539 4202 1101ἧιὶῃ211ῃ1111111
562 4134 660 4188 florum
686 4135 888 4190 auctoritatum
915 4134 1063 4189 moralium
1089 4152 1114 4188 a.
1135 4132 1204 4186 1329
1224 4133 1350 4187 Veronae
1368 4149 1441 4186 00111·

321 4207 429 4276 positus
455 4210 512 4272 ert,
540 4206 585 4260 vd.
605 4205 678 4260 Guil.
697 4206 807 4276 Meyer,
834 4206 879 4261 die
905 4206 1101 4276 sammlungen
1127 4206 1176 4260 der
1194 4205 1375 4274 epruchverse
1394 4203 1441 4256 des

321 4278 459 4332 Publilius
479 4277 572 4348 Syrus,
590 4277 665 4348 Lips.
686 4276 753 4331 1877
773 4297 821 4348 pg.
841 4278 872 4331 61
893 4296 954 4346 sqq.
