3242 5084
615 479 834 539 ..13-

162 652 299 711 Primum
323 652 356 710 in
378 669 468 711 versu
491 651 517 723 I,
543 656 573 724 3,
599 656 640 716 86
664 671 736 712 vera
758 651 901 712 vocabuli
927 652 1025 710 forma
1051 651 1172 725 ,colu“,
1196 671 1287 729 quam

162 741 366 819 Prisingensia
388 743 558 814 servarunt,
584 741 642 800 erit
665 741 868 814 restituenda3
902 742 1011 817 probat
1034 741 1113 799 enim
1136 742 1213 801 hanc
1236 761 1287 802 ex-

164 833 335 906 cerptorum
358 831 539 905 scripturam
568 830 660 916 etiam
688 849 792 900 1010110
816 831 857 902 H,
885 837 913 904 1,
939 836 991 902 63,
1021 831 1052 888 111
1076 849 1136 906 quo
1162 831 1284 906 ,oolns“

163 920 239 978 illud
263 920 422 995 pluraliter
444 919 566 980 videtur
590 919 804 996 accipiendum.

252 1009 366 1069 Deinde
389 1009 420 1066 in
443 1028 533 1069 versu
557 1009 598 1080 ΙΙ,
624 1013 654 1083 3,
682 1015 721 1073 10
752 1009 935 1084 scripturam
964 1009 1106 1084 pussulae
1133 1027 1188 1084 pro
1215 1009 1287 1068 reli-

165 1117 296 1175 quorum
327 1098 464 1159 codicum
494 1098 621 1158 lectione
656 1099 819 1174 „pustula“
846 1098 1011 1157 Muellerus
1034 1101 1065 1158 et
1087 1097 1287 1158 Baehrensius

163 1190 245 1248 recte
268 1189 458 1263 receperunt,
483 1207 544 1247 uno
562 1187 802 1266 Prisingensium
825 1187 997 1247 testimonio
1021 1187 1079 1247 nisi
1088 1195 1097 1245 τ’
1119 1207 1189 1245 nam
1211 1207 1289 1264 quae

163 1277 339 1337 Protzenius
363 1297 413 1355 pg.
440 1282 477 1340 17
503 1277 599 1336 libelli
622 1277 669 1336 sui
699 1277 786 1337 affert
818 1277 952 1353 exempla
974 1276 1050 1334 nihil
1073 1277 1208 1337 officiunt
1230 1277 1288 1336 nisi

163 1367 231 1425 illas
255 1365 377 1442 quidem
401 1367 565 1442 scripturas
588 1386 666 1442 quae
690 1370 762 1426 sunt
793 1366 918 1442 pustula
941 1368 972 1426 01
993 1366 1125 1442 1111011110,
1160 1366 1288 1425 inveniri

163 1456 342 1532 promiscue,
367 1456 418 1515 sed
446 1456 606 1532 „pussula“
634 1474 784 1532 nusquam
807 1474 871 1515 esse
893 1455 1039 1531 scriptum
1062 1456 1120 1513 nisi
1142 1455 1175 1514 in
1190 1456 1289 1515 codice

165 1545 368 1623 Frisiugensi3
402 1565 476 1604 num
506 1545 538 1602 in
569 1564 691 1621 corpore
720 1546 808 1604 inscr.
838 1546 891 1604 lat.
925 1545 1090 1620 quidquam
1119 1545 1156 1603 de
1180 1545 1234 1604 hac
1256 1565 1289 1604 re

163 1635 259 1710 possit
292 1635 415 1709 reperiri
452 1635 568 1712 dubito,
600 1654 697 1710 neque
727 1635 904 1694 Protzenius
935 1634 1056 1709 quidem
1087 1633 1119 1692 id
1148 1633 1287 1709 inspexit.

164 1723 223 1782 Sed
255 1727 411 1798 utcunque
448 1742 495 1783 res
532 1743 562 1782 se
591 1723 700 1797 habet,
734 1725 942 1799 excerptorum
974 1723 1153 1800 scripturam
1187 1743 1290 1783 veram

163 1833 399 1890 germanamque
423 1813 570 1884 existimo,
594 1816 702 1888 utpote
727 1832 762 1871 ex
785 1813 980 1890 integerrimo
1002 1813 1088 1872 fonte
1110 1813 1287 1872 derivatam.

254 1903 298 1960 De
321 1902 449 1962 lectione
475 1901 664 1977 ,Garonna,“
691 1922 783 1977 quam
805 1903 838 1960 in
861 1920 951 1962 versu
975 1901 999 1973 Ι,
1027 1907 1055 1975 7,
1088 1908 1121 1966 ll
1148 1902 1289 1961 exhibent

164 1994 314 2067 excerpta.
348 1991 447 2050 nescio
476 1992 550 2066 quid
582 1991 719 2050 sentiam.
772 1992 850 2049 Nam
880 1991 949 2050 inde
980 2011 997 2048 a
1027 1993 1137 2067 quarto
1169 1991 1289 2050 saeculo

166 2101 232 2140 00111
256 2081 284 2138 111
311 2079 409 2140 Callia
440 2081 534 2140 fuisse
564 2081 710 2140 usitatam
734 2080 909 2139 Protzenius
936 2099 987 2157 pg.
1015 2086 1054 2143 14
1078 2099 1142 2156 sqq.
1167 2081 1288 2140 demon-

35 2233 41 2246 ,
164 2169 290 2242 stravit3
325 2171 375 2229 sed
406 2171 437 2228 in
461 2170 665 2230 vetustissimo
697 2188 819 2246 quoque
851 2169 1025 2246 optimoque
1056 2168 1133 2228 libro
1161 2170 1289 2228 aliorum

164 2259 355 2334 scriptorum,
380 2259 467 2319 velut
486 2258 628 2333 Caesaris,
653 2259 800 2334 Pomponi
815 2259 920 2329 Melae,
944 2259 1034 2332 Plini,
1065 2258 1182 2318 Ausoni
1205 2261 1290 2319 extat

165 2349 316 2424 scriptura
342 2347 537 2422 ,Garunna“,
570 2369 647 2424 qnae
680 2349 770 2408 etiam
797 2347 980 2408 Graecorum
1011 2348 1201 2420 testimoniis
1235 2348 1289 2423 qui

169 2426 341 2518 saporivae,
364 2427 538 2518 Γαρούννα,
557 2439 586 2496 Γ
584 2429 700 2518 αρύννα
717 2437 868 2508 exhibent,
891 2436 977 2496 nobis
993 2439 1149 2511 probatur,
1185 2437 1288 2495 Nihilo

168 2527 262 2587 setius
293 2527 367 2585 dum
396 2528 525 2588 certiora
556 2528 718 2587 afferentur
749 2529 942 2605 argumenta,
974 2526 1059 2585 illam
1088 2526 1120 2584 in
1144 2527 1288 2586 editiones

168 2617 377 2692 recipiendam,
410 2616 546 2676 codicum
569 2621 671 2676 autem
694 2617 882 2694 integrorum
910 2615 1067 2675 lectionem
1094 2614 1286 2689 ,Garumna“

169 2709 249 2766 certe
272 2705 451 2766 reiciendum
474 2726 543 2766 cum
566 2706 710 2766 Muellero
735 2708 765 2764 et
787 2705 969 2764 Baehrensio
991 2723 1105 2766 censeo.

258 2793 444 2871 Scripturam
480 2795 659 2870 „Carnutis“
693 2794 724 2852 in
755 2814 847 2854 versu
874 2795 899 2868 Ι,
926 2800 955 2865 7,
984 2800 1021 2860 12
1054 2796 1204 2854 extantem
1234 2813 1290 2854 cur

170 2884 228 2943 viri
251 2885 331 2943 docti
355 2885 391 2943 ad
415 2905 512 2944 unum
534 2903 635 2944 omnes
660 2885 810 2961 aspernati
834 2884 904 2957 sint,
927 2902 985 2942 11011
1010 2884 1166 2960 perspicio.
1214 2882 1289 2942 Cum

171 2974 302 3033 enimin
327 2974 459 3034 Caesaris
483 2974 592 3033 libellis
625 2993 740 3049 semper
764 2973 910 3034 Carnutes
941 2973 1002 3031 sint
1030 2973 1173 3049 appellati
1197 2976 1290 3048 atque

171 3063 260 3122 etiarn
285 3063 315 3122 in
338 3063 418 3124 Livii
440 3064 518 3123 libro
540 3062 579 3136 V,
604 3069 646 3128 34
671 3062 839 3122 Carnutum
869 3081 976 3122 nomen
998 3061 1178 3137 reperiatur,
1212 3065 1289 3121 tem-

170 3153 293 3227 poribus
316 3153 361 3218 101
384 3153 522 3228 publicae
544 3153 655 3212 liberae
679 3155 709 3212 et
731 3151 921 3226 imperatoris
941 3151 1077 3229 Augusti
1100 3152 1171 3211 haec
1193 3151 1290 3210 forma

170 3241 263 3301 fuisse
286 3241 408 3302 videtur
430 3242 553 3301 usitata.
602 3241 725 3301 Cornuti
750 3244 852 3300 01110111
875 3240 1026 3315 scriptura
1049 3243 1133 3300 extat
1155 3241 1187 3298 in
1209 3241 1288 3298 Plini

170 3331 240 3390 hist.
265 3333 327 3389 nat.
353 3330 406 3404 IV,
433 3336 472 3396 32
499 3335 693 3407 (quamquam
717 3331 853 3389 nonnulli
881 3329 994 3389 codices
1025 3331 1184 3405 praebent:
1218 3329 1289 3388 Car·

171 3420 277 3479 nuteni
300 3420 468 3496 foederati),
485 3420 698 3500 Καρνουτῖνοι
721 3421 802 3495 apud
818 3419 1015 3478 Plutarchum
1027 3419 1059 3476 in
1071 3418 1204 3478 Caesaris
1226 3419 1290 3478 vita

170 3515 195 3567 1,
221 3514 273 3580 25,
310 3497 507 3590 1101111101
538 3511 619 3584 apud
642 3508 820 3569 strabonem
843 3507 897 3581 11,
931 3513 960 3578 1,
993 3513 1052 3572 101
1086 3512 1117 3568 a
1149 3513 1178 3582 3,
1216 3514 1288 3582 100,

172 3595 358 3679 Καρνοῦται
386 3599 417 3656 111
442 3597 604 3658 Ptolemaei
634 3618 737 3676 geogr.
770 3599 815 3660 ed.
844 3597 982 3675 Wilberg
1013 3596 1055 3669 H,
1088 3603 1105 3662 7
1141 3617 1192 3675 pg.
1228 3603 1288 3662 173

172 3688 299 3762 (codices
322 3688 396 3764 Reg.
423 3686 511 3747 Coisl.
535 3687 600 3747 Pal.
628 3693 643 3751 1
669 3691 699 3747 01
723 3692 741 3751 2
766 3689 911 3762 praebent
926 3676 1120 3768 Ἅρνοῦται),
1144 3685 1290 3746 Carnutes

172 3777 253 3852 apud
276 3777 400 3836 Florum
424 3776 449 3850 Ι,
473 3781 525 3848 45,
551 3781 592 3840 20
618 3778 674 3853 (ed.
698 3776 860 3851 Halmius),
884 3775 1068 3835 Carnutinus
1089 3777 1121 3834 in
1144 3773 1236 3835 Orelli
1260 3779 1291 3835 et

172 3866 305 3926 Henneni
328 3866 415 3925 inscr.
441 3866 499 3925 vol.
524 3864 581 3939 111,
607 3871 707 3938 7046;
742 3866 871 3941 denique
903 3865 1029 3941 ,civitas
1052 3864 1234 3925 Camotum“
1259 3865 1290 3923 in

171 3956 281 4014 notitia
294 3954 462 4014 Galliarum
477 3954 531 4026 IV,
549 3959 566 4019 3
585 3955 706 4030 (notitia
721 3955 905 4032 dignitatum
921 3955 965 4017 ed.
983 3953 1123 4015 Seeckius
1146 3975 1196 4033 pg.
1211 3960 1290 4019 264:

172 4045 311 4104 nonnulli
334 4045 448 4104 codices
465 4043 688 4119 Carnotenum),
713 4046 743 4103 et
769 4045 896 4118 „civitas
912 4043 1097 4103 Carnotena“
1125 4045 1206 4120 apud
1221 4043 1290 4103 Sul-

172 4135 284 4209 picium
308 4132 453 4193 Severum
475 4133 506 4192 in
530 4133 613 4192 diall.
639 4139 669 4204 2,
695 4138 724 4206 3,
749 4134 830 4193 unde
853 4136 978 4209 apparet
1001 4134 1105 4209 primis
1128 4136 1196 4211 post
1220 4133 1288 4192 Chr.

173 4243 202 4285 n.
226 4223 352 4283 saeculis
368 4225 488 4300 gentem
510 4222 595 4281 illam
607 4222 762 4293 Carnutes,
788 4221 946 4293 Carnutos,
971 4221 1122 4297 Camotes,
1147 4222 1290 4283 Carnotos

175 4332 236 4372 esse
256 4313 449 4371 nominatam.
489 4311 508 4369 J
511 4332 557 4371 am
575 4311 812 4390 Frisiugensium
828 4313 986 4372 lectionem
1001 4311 1210 4390 arriperemus,
1232 4312 1290 4372 nisi
