3242 5084
531 1230 679 1296 CAPUT
701 1230 920 1297 Ttavrutl.

210 1373 234 1428 l.
253 1372 296 1424 lle
316 1371 426 1426 codicis
446 1370 670 1440 Guelferbytanl
688 1369 712 1426 a
731 1373 761 1426 et
779 1371 917 1459 florilegll
935 1373 1038 1439 gallici
1057 1373 1237 1440 cognatione

254 1498 378 1558 Carolus
409 1498 619 1559 Lachmannus
657 1500 689 1557 in
720 1500 859 1560 editionis
893 1520 966 1560 suae
999 1502 1112 1579 proleg.
1150 1521 1201 1579 pg.
1225 1501 1286 1560 VII

163 1579 354 1659 disseruerat,
378 1608 473 1646 unum
491 1589 681 1653 Francisoum
698 1589 886 1669 Puccium¹),
911 1591 965 1666 qui
988 1611 1015 1650 a.
1036 1595 1119 1654 1502
1136 1592 1286 1666 exemplar

163 1677 304 1756 editionis
318 1677 474 1754 Regiensis
491 1678 670 1748 emendavit,
693 1678 770 1738 libro
786 1699 878 1754 quam
894 1680 986 1740 ceteri
1001 1681 1099 1738 essent
1115 1679 1285 1756 antiquiore

163 1785 254 1826 usum
277 1766 382 1840 videri,
407 1767 512 1842 itaque
528 1768 747 1827 emendationes
771 1768 875 1828 Puccii
898 1770 1029 1844 potiores
1053 1772 1238 1844 excerpserat
1255 1773 1286 1829 11

163 1859 316 1931 excerptas
339 1857 450 1915 notaP
473 1857 503 1914 in
529 1860 708 1931 apparatum
731 1857 869 1918 criticum
893 1860 1054 1933 receperat.
1094 1858 1175 1918 Huic
1189 1858 1285 1918 Lach-
1331 1887 1333 1890 >

163 1945 263 2004 manni
293 1946 459 2004 sententiae
489 1945 640 2005 Lucienus
670 1946 799 2005 Mueller
831 1947 971 2006 inmerito
1006 1967 1057 2025 pg.
1081 1947 1125 2005 XI
1148 1947 1286 2008 editionis

163 2053 235 2094 suae
258 2054 425 2112 repugnare
457 2039 580 2095 conatus
613 2038 676 2106 est,
705 2055 774 2095 cum
802 2037 950 2112 quidquid
980 2036 1142 2096 lectionum
1172 2057 1208 2096 ex
1229 2056 1285 2096 suo

164 2124 261 2183 codice
286 2124 405 2182 afferret
429 2123 569 2194 Paccius,
592 2125 622 2183 id
646 2128 700 2183 aut
722 2124 941 2200 interpolatum
964 2128 1001 2185 ab
1017 2125 1095 2185 Italo
1110 2126 1208 2186 nescio
1224 2145 1285 2203 quo

163 2212 273 2272 saeculi
298 2213 353 2270 XV
385 2217 440 2273 aut
470 2216 625 2288 sumptum
656 2214 692 2272 de
715 2215 862 2289 excerptis
889 2214 1003 2273 talibus
1034 2215 1137 2290 qualia
1159 2215 1285 2274 fuerunt
1312 2218 1317 2225 '

164 2301 314 2362 Vincentii
351 2305 381 2361 et
416 2301 558 2379 Scaligcri
593 2303 793 2366 contenderet.
853 2302 895 2362 At
933 2308 1013 2363 certe
1050 2304 1138 2363 illum
1172 2305 1286 2363 librum

163 2391 348 2452 Paccianum
359 2392 503 2469 indagare
515 2392 644 2470 contigit
659 2391 849 2463 Baehrensio‚
868 2391 1141 2469 Guelferbytanum
1156 2393 1286 2453 codicem

126 2473 129 2478 ’
164 2501 253 2556 quem
281 2481 341 2538 iam
364 2480 501 2556 Heynius
533 2500 717 2557 quamquam
745 2482 841 2556 pretio
873 2482 938 2540 eius
969 2483 1091 2542 minime
1119 2488 1288 2558 perspecta,

163 2570 194 2628 in
218 2570 353 2630 codicum
377 2570 563 2630 enarratione
588 2571 718 2629 alterum
747 2571 956 2630 nominaverat
979 2572 1198 2647 nonnullasque
1222 2573 1286 2631 eius

164 2659 305 2719 lectiones
337 2659 368 2717 in
408 2659 653 2719 adnotationibus
687 2660 825 2719 editionis
860 2679 932 2719 suae
966 2664 1092 2736 quartae
1127 2662 1284 2721 attulerat.

165 2747 325 2808 Contendit
339 2748 436 2826 igitur
451 2748 651 2809 Baehrensius
668 2749 797 2808 codicem
814 2749 840 2808 G
856 2770 873 2807 a
896 2749 1005 2810 Puccio
1029 2769 1092 2810 esse
1115 2751 1286 2809 adhibitum

165 2857 197 2897 eo
222 2841 355 2913 tempore
387 2857 447 2913 quo
479 2839 529 2897 1111
557 2839 618 2897 iam
645 2839 769 2897 alterius
793 2857 901 2897 manus
924 2843 1109 2899 correcturas
1138 2841 1168 2899 11
1190 2841 1285 2898 inter·

164 2927 339 3002 potationes
377 2928 503 2987 fortasse
538 2931 574 2986 ut
609 2947 645 2986 ex
679 2927 869 2987 adnotatione
900 2929 1060 3006 marginali
1094 2929 1131 2987 ad
1165 2948 1286 2988 versum

164 3016 188 3089 I,
216 3023 245 3090 7,
274 3021 312 3080 18
337 3019 367 3075 11
392 3022 425 3090 8,
460 3022 498 3080 51
534 3017 663 3091 „Pont“.
693 3017 864 3092 subscripta
897 3019 992 3077 conici
1018 3021 1133 3092 potest,
1169 3017 1285 3078 Ioviani

165 3105 294 3164 Pontani
316 3106 421 3180 ipsius,
447 3109 511 3166 erat
535 3109 685 3181 expertus.
722 3105 805 3175 Quae
820 3123 868 3164 res
885 3108 934 3166 vel
950 3106 1101 3166 levissima
1123 3107 1286 3169 lectionum

165 3195 385 3270 comparatione
415 3195 582 3267 evincitur;
611 3195 678 3254 vide
701 3195 804 3254 modo:
838 3194 864 3267 I,
894 3201 920 3266 l,
946 3201 982 3259 5:
1008 3196 1072 3254 vita
1095 3195 1165 3254 PG.
1191 3203 1221 3264 ¹l,
1248 3201 1284 3260 6:

164 3285 273 3362 exiguo
297 3284 389 3360 Pg.2)
415 3289 444 3357 2,
470 3289 509 3348 87
523 3304 529 3341 :
554 3303 712 3359 prorepere
735 3282 808 3344 ΡΘ.
834 3289 863 3357 5,
881 3289 918 3348 d:
943 3304 996 3360 per
1018 3287 1050 3343 te
1072 3283 1144 3343 ΡΘ.
1170 3290 1199 3359 5,
1226 3291 1284 3350 33:
1401 3346 1403 3351 ,

167 3374 328 3447 ,assecula
344 3373 389 3431 ita
405 3373 479 3452 legit
499 3374 663 3444 Pantanus,
680 3374 700 3431 i.
718 3373 846 3432 ancilla“
865 3373 900 3443 P,
928 3374 1088 3447 „assecula
1105 3374 1126 3431 i.
1156 3374 1282 3432 ancilla“

164 3483 193 3540 g.
220 3469 250 3534 6,
276 3468 335 3526 70:
368 3462 482 3522 Possim
506 3461 576 3523 ΡΘ.
602 3464 631 3535 6,
658 3467 717 3526 72:
743 3480 852 3537 pronas
874 3462 936 3540 Pg.
972 3461 1191 3522 Gravissimum
1214 3483 1285 3523 vero

165 3552 256 3610 huius
272 3552 436 3612 sententiae
453 3554 666 3629 argumentum
689 3551 763 3609 mihi
786 3551 930 3611 videntur
952 3551 1056 3612 Paccii
1078 3552 1285 3612 adnotationes

166 3642 202 3700 ad
225 3639 251 3712 1,
280 3646 336 3706 10:
372 3640 464 3716 „Quis
488 3641 558 3724 fuit.
583 3642 639 3700 hoc
662 3644 708 3700 cst
739 3631 1066 3716 principium'secundi
1089 3642 1159 3701 libri
1181 3642 1212 3700 in
1236 3662 1286 3701 11-

164 3730 281 3790 dicibus
305 3731 543 3801 vetustioribuss
558 3733 588 3788 11
612 3734 656 3790 est
679 3731 715 3790 dc
736 3749 836 3789 amore
851 3730 996 3790 Nemesis.
1036 3731 1141 3808 Elegia
1156 3731 1284 3808 prima“,

166 3823 195 3878 11
225 3819 258 3877 in
289 3819 347 3878 fine
378 3819 449 3879 iibri
476 3819 573 3880 tertii:
612 3820 673 3894 „hii
704 3837 809 3880 versus
839 3838 898 3878 non
922 3821 1067 3898 leguntur
1090 3821 1145 3882 hoc
1168 3822 1231 3881 loco
1255 3822 1286 3880 in

256 4049 282 4117 1)
301 4049 375 4104 Nam
401 4050 435 4104 de
454 4049 561 4104 Joanne
587 4049 704 4104 Joviano
730 4051 873 4115 Pontano,
899 4067 983 4118 quam
1002 4046 1161 4105 Huschkius
1180 4070 1227 4121 pg.
1242 4027 1286 4105 'xl

167 4121 488 4248 {ggegireggtgglgggnggge
507 4121 630 4176 codicem
648 4121 760 4176 finxisse
779 4121 970 4187 contenderat,
988 4123 1061 4176 nihil
1070 4123 1140 4180 certi
1158 4126 1285 4181 constare

255 4290 282 4358 2)
302 4291 361 4344 Η11
379 4294 447 4348 uota
466 4291 584 4347 alteram
603 4291 705 4348 codicis
724 4290 748 4349 Θ
767 4307 882 4347 manum
899 4291 1071 4362 significabo.
