<?xml version="1.0" encoding="UTF-8"?>
<!DOCTYPE html PUBLIC "-//W3C//DTD XHTML 1.0 Transitional//EN"
    "http://www.w3.org/TR/xhtml1/DTD/xhtml1-transitional.dtd">
<html xmlns="http://www.w3.org/1999/xhtml" xml:lang="en" lang="en">
 <head>
  <title>
</title>
<meta http-equiv="Content-Type" content="text/html;charset=utf-8" />
  <meta name='ocr-system' content='tesseract 3.04.00' />
  <meta name='ocr-capabilities' content='ocr_page ocr_carea ocr_par ocr_line ocrx_word'/>
</head>
<body>
  <div class='ocr_page' id='page_1' title='image "./decodicibustibu03leongoog_0058.png"; bbox 0 0 3242 5084; ppageno 0'>
   <div class='ocr_carea' id='block_1_1' title="bbox 785 317 1003 430">
    <p class='ocr_par' dir='ltr' id='par_1_1' title="bbox 785 317 1003 430">
     <span class='ocr_line' id='line_1_1' title="bbox 785 317 1003 430; baseline 0.009 -23"><span class='ocrx_word' id='word_1_1' title='bbox 785 317 1003 430; x_wconf 60' lang='grc'><strong>[50-</strong></span> 
     </span>
    </p>
   </div>
   <div class='ocr_carea' id='block_1_2' title="bbox 504 563 1284 634">
    <p class='ocr_par' dir='ltr' id='par_1_2' title="bbox 504 563 1284 634">
     <span class='ocr_line' id='line_1_2' title="bbox 504 563 1284 634; baseline 0.006 -16"><span class='ocrx_word' id='word_1_2' title='bbox 504 564 544 618; x_wconf 92' lang='lat'><strong>11.</strong></span> <span class='ocrx_word' id='word_1_3' title='bbox 575 563 618 620; x_wconf 74' lang='lat' dir='ltr'><strong>lle</strong></span> <span class='ocrx_word' id='word_1_4' title='bbox 636 563 790 634; x_wconf 67' lang='lat' dir='ltr'><strong>ulnaeque</strong></span> <span class='ocrx_word' id='word_1_5' title='bbox 807 563 939 621; x_wconf 80' lang='lat' dir='ltr'><strong>famlllao</strong></span> <span class='ocrx_word' id='word_1_6' title='bbox 957 565 988 620; x_wconf 84' lang='lat' dir='ltr'>X</span> <span class='ocrx_word' id='word_1_7' title='bbox 1005 565 1036 621; x_wconf 83' lang='lat' dir='ltr'><strong>et</strong></span> <span class='ocrx_word' id='word_1_8' title='bbox 1052 565 1079 621; x_wconf 83' lang='lat' dir='ltr'><strong>Y</strong></span> <span class='ocrx_word' id='word_1_9' title='bbox 1097 565 1284 623; x_wconf 80' lang='lat' dir='ltr'><strong>auctorltata.</strong></span> 
     </span>
    </p>
   </div>
   <div class='ocr_carea' id='block_1_3' title="bbox 330 693 1456 2198">
    <p class='ocr_par' dir='ltr' id='par_1_3' title="bbox 330 693 1456 2198">
     <span class='ocr_line' id='line_1_3' title="bbox 421 693 1456 771; baseline 0.004 -21"><span class='ocrx_word' id='word_1_10' title='bbox 421 693 466 752; x_wconf 90' lang='lat' dir='ltr'><strong>De</strong></span> <span class='ocrx_word' id='word_1_11' title='bbox 489 693 673 755; x_wconf 78' lang='lat' dir='ltr'><strong>familiarum</strong></span> <span class='ocrx_word' id='word_1_12' title='bbox 697 695 879 755; x_wconf 90' lang='lat' dir='ltr'><strong>auctoritate</strong></span> <span class='ocrx_word' id='word_1_13' title='bbox 902 699 1051 771; x_wconf 90' lang='lat' dir='ltr'><strong>quantum</strong></span> <span class='ocrx_word' id='word_1_14' title='bbox 1068 716 1104 754; x_wconf 85' lang='lat' dir='ltr'><strong>ex</strong></span> <span class='ocrx_word' id='word_1_15' title='bbox 1123 696 1286 755; x_wconf 90' lang='lat' dir='ltr'><strong>lectionum</strong></span> <span class='ocrx_word' id='word_1_16' title='bbox 1303 696 1456 754; x_wconf 89' lang='lat' dir='ltr'><strong>variarum</strong></span> 
     </span>
     <span class='ocr_line' id='line_1_4' title="bbox 336 783 1454 862; baseline 0.002 -20"><span class='ocrx_word' id='word_1_17' title='bbox 336 783 557 858; x_wconf 89' lang='lat' dir='ltr'><strong>comparatione</strong></span> <span class='ocrx_word' id='word_1_18' title='bbox 590 802 680 859; x_wconf 87' lang='lat' dir='ltr'><strong>supra</strong></span> <span class='ocrx_word' id='word_1_19' title='bbox 703 784 847 843; x_wconf 89' lang='lat' dir='ltr'><strong>instituta</strong></span> <span class='ocrx_word' id='word_1_20' title='bbox 870 784 971 862; x_wconf 83' lang='lat' dir='ltr'>colligi</span> <span class='ocrx_word' id='word_1_21' title='bbox 996 787 1112 859; x_wconf 85' lang='lat' dir='ltr'><strong>potest,</strong></span> <span class='ocrx_word' id='word_1_22' title='bbox 1146 785 1237 844; x_wconf 87' lang='lat' dir='ltr'><strong>codex</strong></span> <span class='ocrx_word' id='word_1_23' title='bbox 1260 785 1312 843; x_wconf 89' lang='lat' dir='ltr'><strong>ille</strong></span> <span class='ocrx_word' id='word_1_24' title='bbox 1336 805 1371 843; x_wconf 83' lang='lat' dir='ltr'><strong>ex</strong></span> <span class='ocrx_word' id='word_1_25' title='bbox 1394 804 1454 860; x_wconf 89' lang='lat' dir='ltr'><strong>quo</strong></span> 
     </span>
     <span class='ocr_line' id='line_1_5' title="bbox 335 870 1453 952; baseline 0.002 -22"><span class='ocrx_word' id='word_1_26' title='bbox 335 870 592 947; x_wconf 79' lang='lat' dir='ltr'><strong>Guelferbytanus</strong></span> <span class='ocrx_word' id='word_1_27' title='bbox 616 871 762 947; x_wconf 89' lang='lat' dir='ltr'><strong>manavit,</strong></span> <span class='ocrx_word' id='word_1_28' title='bbox 787 893 803 932; x_wconf 93' lang='lat' dir='ltr'><strong>e</strong></span> <span class='ocrx_word' id='word_1_29' title='bbox 826 893 920 932; x_wconf 90' lang='lat' dir='ltr'><strong>manu</strong></span> <span class='ocrx_word' id='word_1_30' title='bbox 943 874 1070 932; x_wconf 87' lang='lat' dir='ltr'><strong>hominis</strong></span> <span class='ocrx_word' id='word_1_31' title='bbox 1093 874 1215 952; x_wconf 81' lang='lat' dir='ltr'><strong>linguae</strong></span> <span class='ocrx_word' id='word_1_32' title='bbox 1237 874 1350 933; x_wconf 90' lang='lat' dir='ltr'><strong>latinae</strong></span> <span class='ocrx_word' id='word_1_33' title='bbox 1373 875 1453 933; x_wconf 90' lang='lat' dir='ltr'><strong>haud</strong></span> 
     </span>
     <span class='ocr_line' id='line_1_6' title="bbox 333 948 1454 1036; baseline 0.004 -18"><span class='ocrx_word' id='word_1_34' title='bbox 333 961 466 1036; x_wconf 89' lang='lat' dir='ltr'><strong>imperiti</strong></span> <span class='ocrx_word' id='word_1_35' title='bbox 489 948 641 1036; x_wconf 82' lang='lat' dir='ltr'><strong>profectus</strong></span> <span class='ocrx_word' id='word_1_36' title='bbox 665 965 727 1033; x_wconf 91' lang='lat' dir='ltr'><strong>est,</strong></span> <span class='ocrx_word' id='word_1_37' title='bbox 761 963 887 1022; x_wconf 88' lang='lat' dir='ltr'><strong>alterius</strong></span> <span class='ocrx_word' id='word_1_38' title='bbox 912 965 1011 1022; x_wconf 89' lang='lat' dir='ltr'><strong>autem</strong></span> <span class='ocrx_word' id='word_1_39' title='bbox 1036 962 1167 1022; x_wconf 90' lang='lat' dir='ltr'><strong>familiae</strong></span> <span class='ocrx_word' id='word_1_40' title='bbox 1190 963 1258 1022; x_wconf 87' lang='lat' dir='ltr'><strong>libri</strong></span> <span class='ocrx_word' id='word_1_41' title='bbox 1284 983 1301 1022; x_wconf 90' lang='lat' dir='ltr'><strong>a</strong></span> <span class='ocrx_word' id='word_1_42' title='bbox 1324 963 1454 1022; x_wconf 89' lang='lat' dir='ltr'><strong>librariis</strong></span> 
     </span>
     <span class='ocr_line' id='line_1_7' title="bbox 332 1050 1452 1129; baseline 0.002 -21"><span class='ocrx_word' id='word_1_43' title='bbox 332 1050 459 1109; x_wconf 89' lang='lat' dir='ltr'><strong>indoctis</strong></span> <span class='ocrx_word' id='word_1_44' title='bbox 491 1054 583 1127; x_wconf 90' lang='lat' dir='ltr'><strong>atque</strong></span> <span class='ocrx_word' id='word_1_45' title='bbox 613 1051 844 1129; x_wconf 79' lang='lat' dir='ltr'><strong>neglegentibus</strong></span> <span class='ocrx_word' id='word_1_46' title='bbox 872 1051 1016 1127; x_wconf 77' lang='lat' dir='ltr'><strong>descripti</strong></span> <span class='ocrx_word' id='word_1_47' title='bbox 1041 1055 1123 1112; x_wconf 90' lang='lat' dir='ltr'><strong>sunt.</strong></span> <span class='ocrx_word' id='word_1_48' title='bbox 1170 1052 1234 1122; x_wconf 80' lang='lat' dir='ltr'><strong>Quo</strong></span> <span class='ocrx_word' id='word_1_49' title='bbox 1258 1052 1375 1111; x_wconf 90' lang='lat' dir='ltr'><strong>factum</strong></span> <span class='ocrx_word' id='word_1_50' title='bbox 1399 1055 1452 1123; x_wconf 92' lang='lat' dir='ltr'><strong>est,</strong></span> 
     </span>
     <span class='ocr_line' id='line_1_8' title="bbox 333 1138 1453 1217; baseline 0.002 -20"><span class='ocrx_word' id='word_1_51' title='bbox 333 1141 369 1197; x_wconf 87' lang='lat' dir='ltr'><strong>ut</strong></span> <span class='ocrx_word' id='word_1_52' title='bbox 393 1138 652 1216; x_wconf 78' lang='lat' dir='ltr'><strong>Guelferbytanus</strong></span> <span class='ocrx_word' id='word_1_53' title='bbox 675 1141 822 1215; x_wconf 89' lang='lat' dir='ltr'><strong>plurimas</strong></span> <span class='ocrx_word' id='word_1_54' title='bbox 846 1141 953 1200; x_wconf 89' lang='lat' dir='ltr'><strong>codicis</strong></span> <span class='ocrx_word' id='word_1_55' title='bbox 978 1141 1133 1216; x_wconf 84' lang='lat' dir='ltr'><strong>archetypi</strong></span> <span class='ocrx_word' id='word_1_56' title='bbox 1157 1139 1181 1200; x_wconf 92' lang='grc' dir='ltr'>Ο</span> <span class='ocrx_word' id='word_1_57' title='bbox 1204 1141 1355 1212; x_wconf 88' lang='lat' dir='ltr'><strong>lectiones,</strong></span> <span class='ocrx_word' id='word_1_58' title='bbox 1379 1160 1453 1217; x_wconf 89' lang='lat' dir='ltr'><strong>quas</strong></span> 
     </span>
     <span class='ocr_line' id='line_1_9' title="bbox 331 1229 1453 1308; baseline 0.002 -22"><span class='ocrx_word' id='word_1_59' title='bbox 331 1229 518 1304; x_wconf 90' lang='lat' dir='ltr'><strong>reliquorum</strong></span> <span class='ocrx_word' id='word_1_60' title='bbox 553 1229 700 1289; x_wconf 92' lang='lat' dir='ltr'><strong>librorum</strong></span> <span class='ocrx_word' id='word_1_61' title='bbox 735 1230 850 1290; x_wconf 88' lang='lat' dir='ltr'><strong>scribae</strong></span> <span class='ocrx_word' id='word_1_62' title='bbox 883 1230 983 1289; x_wconf 89' lang='lat' dir='ltr'><strong>minus</strong></span> <span class='ocrx_word' id='word_1_63' title='bbox 1018 1234 1099 1289; x_wconf 85' lang='lat' dir='ltr'><strong>recte</strong></span> <span class='ocrx_word' id='word_1_64' title='bbox 1133 1230 1335 1308; x_wconf 85' lang='lat' dir='ltr'><strong>intelligentes</strong></span> <span class='ocrx_word' id='word_1_65' title='bbox 1373 1249 1453 1289; x_wconf 91' lang='lat' dir='ltr'><strong>moro</strong></span> 
     </span>
     <span class='ocr_line' id='line_1_10' title="bbox 334 1318 1452 1394; baseline 0.002 -18"><span class='ocrx_word' id='word_1_66' title='bbox 334 1337 432 1390; x_wconf 81' lang='lat' dir='ltr'><strong>errore</strong></span> <span class='ocrx_word' id='word_1_67' title='bbox 455 1319 518 1377; x_wconf 90' lang='lat' dir='ltr'><strong>sive</strong></span> <span class='ocrx_word' id='word_1_68' title='bbox 541 1319 675 1378; x_wconf 85' lang='lat' dir='ltr'><strong>socordia</strong></span> <span class='ocrx_word' id='word_1_69' title='bbox 698 1318 962 1393; x_wconf 87' lang='lat' dir='ltr'><strong>transformabant,</strong></span> <span class='ocrx_word' id='word_1_70' title='bbox 986 1319 1161 1378; x_wconf 90' lang='lat' dir='ltr'><strong>immutatas</strong></span> <span class='ocrx_word' id='word_1_71' title='bbox 1184 1322 1215 1378; x_wconf 90' lang='lat' dir='ltr'><strong>et</strong></span> <span class='ocrx_word' id='word_1_72' title='bbox 1237 1319 1366 1379; x_wconf 84' lang='lat' dir='ltr'><strong>intactas</strong></span> <span class='ocrx_word' id='word_1_73' title='bbox 1384 1338 1452 1394; x_wconf 89' lang='lat' dir='ltr'><strong>pro·</strong></span> 
     </span>
     <span class='ocr_line' id='line_1_11' title="bbox 333 1407 1452 1486; baseline 0.002 -21"><span class='ocrx_word' id='word_1_74' title='bbox 333 1411 469 1484; x_wconf 81' lang='lat' dir='ltr'><strong>pagaret.</strong></span> <span class='ocrx_word' id='word_1_75' title='bbox 510 1407 566 1466; x_wconf 85' lang='lat' dir='ltr'><strong>Sed</strong></span> <span class='ocrx_word' id='word_1_76' title='bbox 586 1407 640 1466; x_wconf 92' lang='lat' dir='ltr'><strong>ubi</strong></span> <span class='ocrx_word' id='word_1_77' title='bbox 663 1409 760 1468; x_wconf 89' lang='lat' dir='ltr'><strong>maius</strong></span> <span class='ocrx_word' id='word_1_78' title='bbox 783 1408 948 1486; x_wconf 86' lang='lat' dir='ltr'><strong>ingenium,</strong></span> <span class='ocrx_word' id='word_1_79' title='bbox 974 1408 1017 1466; x_wconf 92' lang='lat' dir='ltr'><strong>ibi</strong></span> <span class='ocrx_word' id='word_1_80' title='bbox 1039 1409 1137 1467; x_wconf 90' lang='lat' dir='ltr'><strong>maius</strong></span> <span class='ocrx_word' id='word_1_81' title='bbox 1161 1408 1252 1467; x_wconf 91' lang='lat' dir='ltr'><strong>etiam</strong></span> <span class='ocrx_word' id='word_1_82' title='bbox 1274 1409 1452 1468; x_wconf 86' lang='lat' dir='ltr'><strong>temeritatis</strong></span> 
     </span>
     <span class='ocr_line' id='line_1_12' title="bbox 335 1497 1452 1573; baseline 0 -17"><span class='ocrx_word' id='word_1_83' title='bbox 335 1497 537 1572; x_wconf 83' lang='lat' dir='ltr'><strong>audaciaeque</strong></span> <span class='ocrx_word' id='word_1_84' title='bbox 560 1497 761 1573; x_wconf 86' lang='lat' dir='ltr'><strong>interpolandi</strong></span> <span class='ocrx_word' id='word_1_85' title='bbox 786 1497 965 1572; x_wconf 89' lang='lat' dir='ltr'><strong>periculum.</strong></span> <span class='ocrx_word' id='word_1_86' title='bbox 1012 1497 1121 1573; x_wconf 89' lang='lat' dir='ltr'><strong>Itaque</strong></span> <span class='ocrx_word' id='word_1_87' title='bbox 1146 1516 1247 1556; x_wconf 88' lang='lat' dir='ltr'><strong>onmes</strong></span> <span class='ocrx_word' id='word_1_88' title='bbox 1270 1517 1321 1556; x_wconf 88' lang='lat' dir='ltr'><strong>eae</strong></span> <span class='ocrx_word' id='word_1_89' title='bbox 1345 1497 1452 1557; x_wconf 88' lang='lat' dir='ltr'><strong>codicis</strong></span> 
     </span>
     <span class='ocr_line' id='line_1_13' title="bbox 332 1583 1451 1662; baseline 0 -18"><span class='ocrx_word' id='word_1_90' title='bbox 332 1583 356 1644; x_wconf 92' lang='grc' dir='ltr'>Ο</span> <span class='ocrx_word' id='word_1_91' title='bbox 379 1586 521 1646; x_wconf 87' lang='lat' dir='ltr'><strong>lectiones</strong></span> <span class='ocrx_word' id='word_1_92' title='bbox 545 1606 622 1662; x_wconf 90' lang='lat' dir='ltr'><strong>quae</strong></span> <span class='ocrx_word' id='word_1_93' title='bbox 646 1587 709 1645; x_wconf 86' lang='lat' dir='ltr'><strong>sive</strong></span> <span class='ocrx_word' id='word_1_94' title='bbox 733 1585 912 1661; x_wconf 82' lang='lat' dir='ltr'><strong>corruptelis</strong></span> <span class='ocrx_word' id='word_1_95' title='bbox 936 1587 1120 1645; x_wconf 85' lang='lat' dir='ltr'><strong>deformatae</strong></span> <span class='ocrx_word' id='word_1_96' title='bbox 1152 1586 1263 1646; x_wconf 85' lang='lat' dir='ltr'><strong>litteris</strong></span> <span class='ocrx_word' id='word_1_97' title='bbox 1290 1605 1379 1645; x_wconf 90' lang='lat' dir='ltr'><strong>sensu</strong></span> <span class='ocrx_word' id='word_1_98' title='bbox 1404 1605 1451 1644; x_wconf 85' lang='lat' dir='ltr'><strong>ex·</strong></span> 
     </span>
     <span class='ocr_line' id='line_1_14' title="bbox 331 1675 1451 1756; baseline -0.001 -23"><span class='ocrx_word' id='word_1_99' title='bbox 331 1675 467 1750; x_wconf 84' lang='lat' dir='ltr'><strong>pertibus</strong></span> <span class='ocrx_word' id='word_1_100' title='bbox 492 1677 684 1749; x_wconf 86' lang='lat' dir='ltr'><strong>constabant,</strong></span> <span class='ocrx_word' id='word_1_101' title='bbox 717 1675 779 1734; x_wconf 88' lang='lat' dir='ltr'><strong>sive</strong></span> <span class='ocrx_word' id='word_1_102' title='bbox 803 1677 926 1750; x_wconf 88' lang='lat' dir='ltr'><strong>propter</strong></span> <span class='ocrx_word' id='word_1_103' title='bbox 949 1678 1132 1756; x_wconf 85' lang='lat' dir='ltr'><strong>vetustatem</strong></span> <span class='ocrx_word' id='word_1_104' title='bbox 1163 1675 1283 1734; x_wconf 90' lang='lat' dir='ltr'><strong>omnino</strong></span> <span class='ocrx_word' id='word_1_105' title='bbox 1307 1675 1367 1752; x_wconf 90' lang='lat' dir='ltr'><strong>legi</strong></span> <span class='ocrx_word' id='word_1_106' title='bbox 1394 1693 1451 1733; x_wconf 91' lang='lat' dir='ltr'><strong>non</strong></span> 
     </span>
     <span class='ocr_line' id='line_1_15' title="bbox 331 1763 1451 1840; baseline 0.002 -19"><span class='ocrx_word' id='word_1_107' title='bbox 331 1766 487 1840; x_wconf 86' lang='lat' dir='ltr'><strong>poterant,</strong></span> <span class='ocrx_word' id='word_1_108' title='bbox 519 1784 536 1822; x_wconf 91' lang='lat' dir='ltr'><strong>a</strong></span> <span class='ocrx_word' id='word_1_109' title='bbox 564 1764 686 1825; x_wconf 91' lang='lat' dir='ltr'><strong>librario</strong></span> <span class='ocrx_word' id='word_1_110' title='bbox 719 1765 851 1840; x_wconf 88' lang='lat' dir='ltr'><strong>parentis</strong></span> <span class='ocrx_word' id='word_1_111' title='bbox 879 1763 1111 1839; x_wconf 88' lang='lat' dir='ltr'><strong>Guelferbytani</strong></span> <span class='ocrx_word' id='word_1_112' title='bbox 1142 1764 1320 1824; x_wconf 88' lang='lat' dir='ltr'><strong>coniecturis</strong></span> <span class='ocrx_word' id='word_1_113' title='bbox 1351 1764 1451 1839; x_wconf 88' lang='lat' dir='ltr'><strong>eisque</strong></span> 
     </span>
     <span class='ocr_line' id='line_1_16' title="bbox 330 1852 1451 1930; baseline 0 -20"><span class='ocrx_word' id='word_1_114' title='bbox 330 1871 388 1911; x_wconf 89' lang='lat' dir='ltr'><strong>uon</strong></span> <span class='ocrx_word' id='word_1_115' title='bbox 413 1871 528 1930; x_wconf 87' lang='lat' dir='ltr'><strong>semper</strong></span> <span class='ocrx_word' id='word_1_116' title='bbox 552 1854 672 1929; x_wconf 88' lang='lat' dir='ltr'><strong>optimis</strong></span> <span class='ocrx_word' id='word_1_117' title='bbox 696 1856 860 1930; x_wconf 88' lang='lat' dir='ltr'><strong>temptatae</strong></span> <span class='ocrx_word' id='word_1_118' title='bbox 884 1856 965 1924; x_wconf 86' lang='lat' dir='ltr'><strong>sunt,</strong></span> <span class='ocrx_word' id='word_1_119' title='bbox 997 1873 1066 1912; x_wconf 91' lang='lat' dir='ltr'><strong>cum</strong></span> <span class='ocrx_word' id='word_1_120' title='bbox 1091 1853 1204 1912; x_wconf 87' lang='lat' dir='ltr'><strong>codices</strong></span> <span class='ocrx_word' id='word_1_121' title='bbox 1228 1852 1255 1910; x_wconf 83' lang='lat' dir='ltr'>A</span> <span class='ocrx_word' id='word_1_122' title='bbox 1278 1857 1308 1912; x_wconf 89' lang='lat' dir='ltr'><strong>et</strong></span> <span class='ocrx_word' id='word_1_123' title='bbox 1333 1853 1369 1926; x_wconf 91' lang='lat' dir='ltr'><strong>V,</strong></span> <span class='ocrx_word' id='word_1_124' title='bbox 1402 1854 1451 1911; x_wconf 92' lang='lat' dir='ltr'><strong>ut·</strong></span> 
     </span>
     <span class='ocr_line' id='line_1_17' title="bbox 330 1942 1450 2020; baseline -0.001 -19"><span class='ocrx_word' id='word_1_125' title='bbox 330 1945 400 2018; x_wconf 90' lang='lat' dir='ltr'><strong>pote</strong></span> <span class='ocrx_word' id='word_1_126' title='bbox 424 1945 461 2002; x_wconf 90' lang='lat' dir='ltr'><strong>ab</strong></span> <span class='ocrx_word' id='word_1_127' title='bbox 485 1943 655 2003; x_wconf 90' lang='lat' dir='ltr'><strong>hominibus</strong></span> <span class='ocrx_word' id='word_1_128' title='bbox 679 1942 807 2003; x_wconf 87' lang='lat' dir='ltr'><strong>indoctis</strong></span> <span class='ocrx_word' id='word_1_129' title='bbox 832 1946 886 2018; x_wconf 90' lang='lat' dir='ltr'><strong>qui</strong></span> <span class='ocrx_word' id='word_1_130' title='bbox 908 1961 1012 2001; x_wconf 86' lang='lat' dir='ltr'><strong>versus</strong></span> <span class='ocrx_word' id='word_1_131' title='bbox 1036 1943 1210 2020; x_wconf 88' lang='lat' dir='ltr'><strong>intellegere</strong></span> <span class='ocrx_word' id='word_1_132' title='bbox 1232 1960 1339 2017; x_wconf 86' lang='lat' dir='ltr'><strong>parum</strong></span> <span class='ocrx_word' id='word_1_133' title='bbox 1364 1961 1450 2001; x_wconf 90' lang='lat' dir='ltr'><strong>oura-</strong></span> 
     </span>
     <span class='ocr_line' id='line_1_18' title="bbox 330 2031 1450 2108; baseline -0.003 -17"><span class='ocrx_word' id='word_1_134' title='bbox 330 2034 414 2102; x_wconf 92' lang='lat' dir='ltr'><strong>bant,</strong></span> <span class='ocrx_word' id='word_1_135' title='bbox 440 2031 554 2091; x_wconf 86' lang='lat' dir='ltr'><strong>exarati</strong></span> <span class='ocrx_word' id='word_1_136' title='bbox 576 2032 731 2108; x_wconf 89' lang='lat' dir='ltr'><strong>archetypi</strong></span> <span class='ocrx_word' id='word_1_137' title='bbox 746 2032 854 2090; x_wconf 89' lang='lat' dir='ltr'><strong>menda</strong></span> <span class='ocrx_word' id='word_1_138' title='bbox 869 2032 981 2090; x_wconf 88' lang='lat' dir='ltr'><strong>maiore</strong></span> <span class='ocrx_word' id='word_1_139' title='bbox 998 2051 1064 2090; x_wconf 92' lang='lat' dir='ltr'><strong>cum</strong></span> <span class='ocrx_word' id='word_1_140' title='bbox 1081 2031 1139 2090; x_wconf 90' lang='lat' dir='ltr'><strong>fide</strong></span> <span class='ocrx_word' id='word_1_141' title='bbox 1155 2032 1273 2106; x_wconf 89' lang='lat' dir='ltr'><strong>saepius</strong></span> <span class='ocrx_word' id='word_1_142' title='bbox 1289 2031 1450 2089; x_wconf 89' lang='lat' dir='ltr'><strong>traderent.</strong></span> 
     </span>
     <span class='ocr_line' id='line_1_19' title="bbox 331 2119 1450 2198; baseline -0.001 -20"><span class='ocrx_word' id='word_1_143' title='bbox 331 2121 488 2196; x_wconf 88' lang='lat' dir='ltr'><strong>Nusquam</strong></span> <span class='ocrx_word' id='word_1_144' title='bbox 513 2121 608 2198; x_wconf 89' lang='lat' dir='ltr'><strong>igitur</strong></span> <span class='ocrx_word' id='word_1_145' title='bbox 637 2122 669 2179; x_wconf 91' lang='lat' dir='ltr'><strong>in</strong></span> <span class='ocrx_word' id='word_1_146' title='bbox 694 2120 931 2196; x_wconf 88' lang='lat' dir='ltr'><strong>Guelferbytano</strong></span> <span class='ocrx_word' id='word_1_147' title='bbox 961 2120 1036 2179; x_wconf 88' lang='lat' dir='ltr'><strong>tales</strong></span> <span class='ocrx_word' id='word_1_148' title='bbox 1067 2120 1200 2180; x_wconf 88' lang='lat' dir='ltr'><strong>invenies</strong></span> <span class='ocrx_word' id='word_1_149' title='bbox 1230 2121 1411 2196; x_wconf 86' lang='lat' dir='ltr'><strong>scripturas:</strong></span> <span class='ocrx_word' id='word_1_150' title='bbox 1427 2119 1450 2196; x_wconf 84' lang='lat'><strong>¹)</strong></span> 
     </span>
    </p>
   </div>
   <div class='ocr_carea' id='block_1_4' title="bbox 362 2278 1545 2362">
    <p class='ocr_par' dir='ltr' id='par_1_4' title="bbox 362 2278 1545 2362">
     <span class='ocr_line' id='line_1_20' title="bbox 362 2278 1545 2362; baseline 0 -23"><span class='ocrx_word' id='word_1_151' title='bbox 362 2279 387 2351; x_wconf 90' lang='grc' dir='ltr'><strong>Ι,</strong></span> <span class='ocrx_word' id='word_1_152' title='bbox 414 2285 443 2352; x_wconf 89' lang='lat'><strong>5,</strong></span> <span class='ocrx_word' id='word_1_153' title='bbox 472 2286 529 2345; x_wconf 85' lang='lat'><strong>16:</strong></span> <span class='ocrx_word' id='word_1_154' title='bbox 554 2301 650 2340; x_wconf 88' lang='lat' dir='ltr'><strong>creme</strong></span> <span class='ocrx_word' id='word_1_155' title='bbox 673 2280 710 2352; x_wconf 89' lang='lat' dir='ltr'><strong>A,</strong></span> <span class='ocrx_word' id='word_1_156' title='bbox 737 2280 865 2362; x_wconf 80' lang='lat' dir='ltr'><strong>(chreme</strong></span> <span class='ocrx_word' id='word_1_157' title='bbox 889 2279 929 2356; x_wconf 90' lang='lat' dir='ltr'><strong>V)</strong></span> <span class='ocrx_word' id='word_1_158' title='bbox 952 2315 991 2323; x_wconf 90' lang='lat'>—</span> <span class='ocrx_word' id='word_1_159' title='bbox 1012 2281 1123 2340; x_wconf 89' lang='lat' dir='ltr'><strong>circum</strong></span> <span class='ocrx_word' id='word_1_160' title='bbox 1149 2278 1232 2339; x_wconf 87' lang='lat' dir='ltr'><strong>G-</strong></span> <span class='ocrx_word' id='word_1_161' title='bbox 1250 2280 1359 2340; x_wconf 88' lang='lat' dir='ltr'><strong>triviae</strong></span> <span class='ocrx_word' id='word_1_162' title='bbox 1383 2281 1447 2341; x_wconf 89' lang='lat' dir='ltr'><strong>edd.</strong></span> <span class='ocrx_word' id='word_1_163' title='bbox 1543 2295 1545 2298; x_wconf 85' lang='grc'><strong><em>·</em></strong></span> 
     </span>
    </p>
   </div>
   <div class='ocr_carea' id='block_1_5' title="bbox 330 2394 1345 2472">
    <p class='ocr_par' dir='ltr' id='par_1_5' title="bbox 330 2394 1345 2472">
     <span class='ocr_line' id='line_1_21' title="bbox 330 2394 1345 2472; baseline -0.001 -18"><span class='ocrx_word' id='word_1_164' title='bbox 330 2394 387 2466; x_wconf 91' lang='grc' dir='ltr'><strong>ΙΙΙ,</strong></span> <span class='ocrx_word' id='word_1_165' title='bbox 414 2401 443 2469; x_wconf 84' lang='grc'><strong>4,</strong></span> <span class='ocrx_word' id='word_1_166' title='bbox 469 2401 509 2459; x_wconf 81' lang='grc'><strong>47</strong></span> <span class='ocrx_word' id='word_1_167' title='bbox 521 2416 528 2454; x_wconf 92' lang='lat'><strong>:</strong></span> <span class='ocrx_word' id='word_1_168' title='bbox 553 2396 661 2472; x_wconf 89' lang='lat' dir='ltr'><strong>cuique</strong></span> <span class='ocrx_word' id='word_1_169' title='bbox 685 2394 742 2454; x_wconf 88' lang='lat' dir='ltr'><strong>AV</strong></span> <span class='ocrx_word' id='word_1_170' title='bbox 767 2431 806 2438; x_wconf 84' lang='lat'><strong>-</strong></span> <span class='ocrx_word' id='word_1_171' title='bbox 832 2396 979 2472; x_wconf 82' lang='lat' dir='ltr'><strong>cuiusque</strong></span> <span class='ocrx_word' id='word_1_172' title='bbox 1003 2395 1030 2455; x_wconf 99' lang='lat' dir='ltr'><strong>G</strong></span> <span class='ocrx_word' id='word_1_173' title='bbox 1057 2431 1091 2439; x_wconf 95' lang='lat'>-</span> <span class='ocrx_word' id='word_1_174' title='bbox 1118 2395 1254 2472; x_wconf 89' lang='lat' dir='ltr'><strong>aevique,</strong></span> <span class='ocrx_word' id='word_1_175' title='bbox 1280 2397 1345 2456; x_wconf 87' lang='lat' dir='ltr'><strong>edd.</strong></span> 
     </span>
    </p>
   </div>
   <div class='ocr_carea' id='block_1_6' title="bbox 221 2509 1304 2586">
    <p class='ocr_par' dir='ltr' id='par_1_6' title="bbox 221 2509 1304 2586">
     <span class='ocr_line' id='line_1_22' title="bbox 221 2509 1304 2586; baseline -0.003 -16"><span class='ocrx_word' id='word_1_176' title='bbox 221 2547 223 2552; x_wconf 31' lang='grc' dir='ltr'><strong><em>ι</em></strong></span> <span class='ocrx_word' id='word_1_177' title='bbox 331 2511 384 2583; x_wconf 90' lang='lat' dir='ltr'><strong>IV,</strong></span> <span class='ocrx_word' id='word_1_178' title='bbox 413 2517 440 2581; x_wconf 88' lang='lat'><strong>1,</strong></span> <span class='ocrx_word' id='word_1_179' title='bbox 469 2516 550 2574; x_wconf 89' lang='lat'>110:</span> <span class='ocrx_word' id='word_1_180' title='bbox 575 2511 687 2586; x_wconf 86' lang='lat' dir='ltr'><strong>arpinis</strong></span> <span class='ocrx_word' id='word_1_181' title='bbox 710 2510 768 2568; x_wconf 89' lang='lat' dir='ltr'><strong>AV</strong></span> <span class='ocrx_word' id='word_1_182' title='bbox 796 2546 834 2555; x_wconf 90' lang='lat'>-</span> <span class='ocrx_word' id='word_1_183' title='bbox 858 2511 965 2585; x_wconf 89' lang='lat' dir='ltr'><strong>alpinis</strong></span> <span class='ocrx_word' id='word_1_184' title='bbox 990 2509 1016 2569; x_wconf 91' lang='lat' dir='ltr'><strong>G</strong></span> <span class='ocrx_word' id='word_1_185' title='bbox 1041 2545 1081 2554; x_wconf 89' lang='lat'>—</span> <span class='ocrx_word' id='word_1_186' title='bbox 1111 2510 1246 2584; x_wconf 88' lang='lat' dir='ltr'><strong>arupinis</strong></span> <span class='ocrx_word' id='word_1_187' title='bbox 1270 2510 1304 2569; x_wconf 80' lang='lat' dir='ltr'><strong>F.</strong></span> 
     </span>
    </p>
   </div>
   <div class='ocr_carea' id='block_1_7' title="bbox 412 2598 1449 2778">
    <p class='ocr_par' dir='ltr' id='par_1_7' title="bbox 412 2598 1449 2778">
     <span class='ocr_line' id='line_1_23' title="bbox 414 2598 1449 2670; baseline -0.006 -7"><span class='ocrx_word' id='word_1_188' title='bbox 414 2606 441 2670; x_wconf 86' lang='lat'><strong>1,</strong></span> <span class='ocrx_word' id='word_1_189' title='bbox 471 2606 549 2664; x_wconf 88' lang='lat'>113:</span> <span class='ocrx_word' id='word_1_190' title='bbox 573 2602 732 2659; x_wconf 81' lang='lat' dir='ltr'><strong>renovarat</strong></span> <span class='ocrx_word' id='word_1_191' title='bbox 744 2599 800 2657; x_wconf 87' lang='lat' dir='ltr'><strong>AV</strong></span> <span class='ocrx_word' id='word_1_192' title='bbox 817 2633 853 2643; x_wconf 85' lang='lat'><strong>-—</strong></span> <span class='ocrx_word' id='word_1_193' title='bbox 867 2598 1098 2660; x_wconf 80' lang='lat' dir='ltr'><strong>revocaveratG</strong></span> <span class='ocrx_word' id='word_1_194' title='bbox 1116 2634 1150 2642; x_wconf 95' lang='lat'><strong>—</strong></span> <span class='ocrx_word' id='word_1_195' title='bbox 1166 2601 1372 2669; x_wconf 82' lang='lat' dir='ltr'><strong>renovaverat,</strong></span> <span class='ocrx_word' id='word_1_196' title='bbox 1386 2599 1449 2663; x_wconf 90' lang='lat' dir='ltr'><strong>edd.</strong></span> 
     </span>
     <span class='ocr_line' id='line_1_24' title="bbox 412 2685 1345 2778; baseline -0.006 -26"><span class='ocrx_word' id='word_1_197' title='bbox 412 2695 439 2759; x_wconf 89' lang='lat' dir='ltr'><strong>l,</strong></span> <span class='ocrx_word' id='word_1_198' title='bbox 468 2694 546 2753; x_wconf 84' lang='lat'>139:</span> <span class='ocrx_word' id='word_1_199' title='bbox 572 2690 685 2748; x_wconf 88' lang='lat' dir='ltr'><strong>tetereo</strong></span> <span class='ocrx_word' id='word_1_200' title='bbox 709 2687 766 2745; x_wconf 87' lang='lat' dir='ltr'><strong>AV</strong></span> <span class='ocrx_word' id='word_1_201' title='bbox 791 2724 832 2733; x_wconf 95' lang='lat'>—</span> <span class='ocrx_word' id='word_1_202' title='bbox 857 2689 984 2748; x_wconf 91' lang='lat' dir='ltr'><strong>threicio</strong></span> <span class='ocrx_word' id='word_1_203' title='bbox 1009 2687 1034 2746; x_wconf 97' lang='lat' dir='ltr'><strong>G</strong></span> <span class='ocrx_word' id='word_1_204' title='bbox 1059 2723 1100 2778; x_wconf 76' lang='lat'><strong>&#39;‘.</strong></span> <span class='ocrx_word' id='word_1_205' title='bbox 1124 2685 1255 2758; x_wconf 82' lang='lat' dir='ltr'><strong>thorace,</strong></span> <span class='ocrx_word' id='word_1_206' title='bbox 1280 2688 1345 2747; x_wconf 90' lang='lat' dir='ltr'><strong>edd.</strong></span> 
     </span>
    </p>
   </div>
   <div class='ocr_carea' id='block_1_8' title="bbox 329 2845 1450 3185">
    <p class='ocr_par' dir='ltr' id='par_1_8' title="bbox 329 2845 1450 3185">
     <span class='ocr_line' id='line_1_25' title="bbox 419 2845 1448 2924; baseline 0.003 -19"><span class='ocrx_word' id='word_1_207' title='bbox 419 2847 525 2922; x_wconf 88' lang='lat' dir='ltr'><strong>Neque</strong></span> <span class='ocrx_word' id='word_1_208' title='bbox 556 2849 714 2922; x_wconf 88' lang='lat' dir='ltr'><strong>corruptae</strong></span> <span class='ocrx_word' id='word_1_209' title='bbox 745 2848 843 2906; x_wconf 87' lang='lat' dir='ltr'><strong>solum</strong></span> <span class='ocrx_word' id='word_1_210' title='bbox 869 2848 977 2907; x_wconf 90' lang='lat' dir='ltr'><strong>codicis</strong></span> <span class='ocrx_word' id='word_1_211' title='bbox 1001 2845 1026 2905; x_wconf 87' lang='lat' dir='ltr'><strong>G</strong></span> <span class='ocrx_word' id='word_1_212' title='bbox 1050 2847 1191 2906; x_wconf 87' lang='lat' dir='ltr'><strong>lectiones</strong></span> <span class='ocrx_word' id='word_1_213' title='bbox 1214 2846 1245 2905; x_wconf 88' lang='lat' dir='ltr'><strong>in</strong></span> <span class='ocrx_word' id='word_1_214' title='bbox 1270 2846 1448 2924; x_wconf 86' lang='lat' dir='ltr'><strong>Guelferby-</strong></span> 
     </span>
     <span class='ocr_line' id='line_1_26' title="bbox 329 2936 1448 3012; baseline 0 -16"><span class='ocrx_word' id='word_1_215' title='bbox 329 2937 393 2996; x_wconf 88' lang='lat' dir='ltr'><strong>tani</strong></span> <span class='ocrx_word' id='word_1_216' title='bbox 424 2939 546 3012; x_wconf 90' lang='lat' dir='ltr'><strong>parente</strong></span> <span class='ocrx_word' id='word_1_217' title='bbox 578 2936 807 2995; x_wconf 86' lang='lat' dir='ltr'><strong>transformatae</strong></span> <span class='ocrx_word' id='word_1_218' title='bbox 835 2939 937 3010; x_wconf 89' lang='lat' dir='ltr'><strong>erant,</strong></span> <span class='ocrx_word' id='word_1_219' title='bbox 969 2937 1019 2996; x_wconf 90' lang='lat' dir='ltr'><strong>sed</strong></span> <span class='ocrx_word' id='word_1_220' title='bbox 1045 2936 1136 2995; x_wconf 88' lang='lat' dir='ltr'><strong>etiam</strong></span> <span class='ocrx_word' id='word_1_221' title='bbox 1159 2937 1290 3010; x_wconf 89' lang='lat' dir='ltr'><strong>optimae</strong></span> <span class='ocrx_word' id='word_1_222' title='bbox 1312 2956 1448 2996; x_wconf 89' lang='lat' dir='ltr'><strong>nonnun-</strong></span> 
     </span>
     <span class='ocr_line' id='line_1_27' title="bbox 330 3025 1450 3103; baseline 0 -19"><span class='ocrx_word' id='word_1_223' title='bbox 330 3046 420 3102; x_wconf 91' lang='lat' dir='ltr'><strong>quam</strong></span> <span class='ocrx_word' id='word_1_224' title='bbox 452 3025 617 3100; x_wconf 88' lang='lat' dir='ltr'><strong>scripturae</strong></span> <span class='ocrx_word' id='word_1_225' title='bbox 647 3025 713 3084; x_wconf 87' lang='lat' dir='ltr'><strong>aliis</strong></span> <span class='ocrx_word' id='word_1_226' title='bbox 746 3025 879 3084; x_wconf 89' lang='lat' dir='ltr'><strong>eiusdem</strong></span> <span class='ocrx_word' id='word_1_227' title='bbox 903 3026 951 3085; x_wconf 90' lang='lat' dir='ltr'><strong>vel</strong></span> <span class='ocrx_word' id='word_1_228' title='bbox 981 3026 1086 3084; x_wconf 86' lang='lat' dir='ltr'><strong>similis</strong></span> <span class='ocrx_word' id='word_1_229' title='bbox 1117 3025 1342 3103; x_wconf 88' lang='lat' dir='ltr'><strong>significationis</strong></span> <span class='ocrx_word' id='word_1_230' title='bbox 1367 3030 1450 3086; x_wconf 88' lang='lat' dir='ltr'><strong>erant</strong></span> 
     </span>
     <span class='ocr_line' id='line_1_28' title="bbox 330 3115 602 3185; baseline -0.007 -12"><span class='ocrx_word' id='word_1_231' title='bbox 330 3118 475 3185; x_wconf 85' lang='lat' dir='ltr'><strong>mutatae,</strong></span> <span class='ocrx_word' id='word_1_232' title='bbox 500 3115 602 3174; x_wconf 85' lang='lat' dir='ltr'><strong>velut:</strong></span> 
     </span>
    </p>
   </div>
   <div class='ocr_carea' id='block_1_9' title="bbox 362 3255 1176 3510">
    <p class='ocr_par' dir='ltr' id='par_1_9' title="bbox 362 3255 1176 3510">
     <span class='ocr_line' id='line_1_29' title="bbox 362 3255 1176 3329; baseline 0 -13"><span class='ocrx_word' id='word_1_233' title='bbox 362 3259 388 3329; x_wconf 91' lang='grc' dir='ltr'><strong>Ι,</strong></span> <span class='ocrx_word' id='word_1_234' title='bbox 414 3263 444 3328; x_wconf 91' lang='lat'><strong>4,</strong></span> <span class='ocrx_word' id='word_1_235' title='bbox 471 3263 528 3324; x_wconf 81' lang='lat'><strong>22:</strong></span> <span class='ocrx_word' id='word_1_236' title='bbox 553 3257 619 3316; x_wconf 87' lang='lat' dir='ltr'><strong>loca</strong></span> <span class='ocrx_word' id='word_1_237' title='bbox 642 3275 759 3316; x_wconf 87' lang='lat' dir='ltr'><strong>summa</strong></span> <span class='ocrx_word' id='word_1_238' title='bbox 784 3255 810 3315; x_wconf 91' lang='lat' dir='ltr'><strong>G</strong></span> <span class='ocrx_word' id='word_1_239' title='bbox 838 3291 872 3300; x_wconf 85' lang='lat'><em>-</em></span> <span class='ocrx_word' id='word_1_240' title='bbox 899 3257 978 3318; x_wconf 89' lang='lat' dir='ltr'><strong>freta</strong></span> <span class='ocrx_word' id='word_1_241' title='bbox 1001 3275 1118 3315; x_wconf 87' lang='lat' dir='ltr'><strong>summa</strong></span> <span class='ocrx_word' id='word_1_242' title='bbox 1140 3257 1176 3316; x_wconf 87' lang='lat' dir='ltr'><strong>Y.</strong></span> 
     </span>
     <span class='ocr_line' id='line_1_30' title="bbox 412 3344 984 3421; baseline -0.014 -10"><span class='ocrx_word' id='word_1_243' title='bbox 412 3352 442 3417; x_wconf 88' lang='lat'><strong>8,</strong></span> <span class='ocrx_word' id='word_1_244' title='bbox 468 3351 528 3410; x_wconf 85' lang='lat'><strong>60:</strong></span> <span class='ocrx_word' id='word_1_245' title='bbox 553 3346 656 3405; x_wconf 89' lang='lat' dir='ltr'><strong>sonitu</strong></span> <span class='ocrx_word' id='word_1_246' title='bbox 678 3344 705 3404; x_wconf 90' lang='lat' dir='ltr'><strong>G</strong></span> <span class='ocrx_word' id='word_1_247' title='bbox 733 3381 767 3389; x_wconf 87' lang='lat'>—</span> <span class='ocrx_word' id='word_1_248' title='bbox 795 3345 926 3421; x_wconf 90' lang='lat' dir='ltr'><strong>strepitu</strong></span> <span class='ocrx_word' id='word_1_249' title='bbox 949 3346 984 3403; x_wconf 88' lang='lat' dir='ltr'><strong>Y.</strong></span> 
     </span>
     <span class='ocr_line' id='line_1_31' title="bbox 412 3433 983 3510; baseline -0.009 -10"><span class='ocrx_word' id='word_1_250' title='bbox 412 3440 442 3509; x_wconf 79' lang='lat'><strong>2,</strong></span> <span class='ocrx_word' id='word_1_251' title='bbox 471 3441 525 3499; x_wconf 89' lang='lat'><strong>14:</strong></span> <span class='ocrx_word' id='word_1_252' title='bbox 549 3435 680 3510; x_wconf 90' lang='lat' dir='ltr'><strong>plurima</strong></span> <span class='ocrx_word' id='word_1_253' title='bbox 704 3433 730 3492; x_wconf 93' lang='lat' dir='ltr'><strong>G</strong></span> <span class='ocrx_word' id='word_1_254' title='bbox 755 3469 794 3478; x_wconf 95' lang='lat'>—</span> <span class='ocrx_word' id='word_1_255' title='bbox 819 3433 925 3493; x_wconf 89' lang='lat' dir='ltr'><strong>florida</strong></span> <span class='ocrx_word' id='word_1_256' title='bbox 946 3434 983 3497; x_wconf 88' lang='lat' dir='ltr'><strong>Y.</strong></span> 
     </span>
    </p>
   </div>
   <div class='ocr_carea' id='block_1_10' title="bbox 344 3548 1445 3982">
    <p class='ocr_par' dir='ltr' id='par_1_10' title="bbox 344 3548 1445 3982">
     <span class='ocr_line' id='line_1_32' title="bbox 344 3548 953 3626; baseline -0.002 -18"><span class='ocrx_word' id='word_1_257' title='bbox 344 3550 385 3623; x_wconf 90' lang='lat' dir='ltr'><strong>II,</strong></span> <span class='ocrx_word' id='word_1_258' title='bbox 415 3557 441 3623; x_wconf 92' lang='lat' dir='ltr'><strong>l,</strong></span> <span class='ocrx_word' id='word_1_259' title='bbox 470 3556 526 3614; x_wconf 86' lang='lat'><strong>18:</strong></span> <span class='ocrx_word' id='word_1_260' title='bbox 551 3550 650 3610; x_wconf 90' lang='lat' dir='ltr'><strong>tollite</strong></span> <span class='ocrx_word' id='word_1_261' title='bbox 674 3548 700 3608; x_wconf 90' lang='lat' dir='ltr'><strong>G</strong></span> <span class='ocrx_word' id='word_1_262' title='bbox 727 3581 764 3591; x_wconf 82' lang='lat'>-</span> <span class='ocrx_word' id='word_1_263' title='bbox 790 3550 894 3626; x_wconf 88' lang='lat' dir='ltr'><strong>pellite</strong></span> <span class='ocrx_word' id='word_1_264' title='bbox 916 3550 953 3608; x_wconf 92' lang='lat' dir='ltr'><strong>Y.</strong></span> 
     </span>
     <span class='ocr_line' id='line_1_33' title="bbox 414 3637 999 3713; baseline -0.003 -16"><span class='ocrx_word' id='word_1_265' title='bbox 414 3645 443 3713; x_wconf 84' lang='lat'><strong>3,</strong></span> <span class='ocrx_word' id='word_1_266' title='bbox 492 3645 530 3704; x_wconf 68' lang='grc' dir='ltr'><strong>ὃς</strong></span> <span class='ocrx_word' id='word_1_267' title='bbox 555 3640 676 3700; x_wconf 90' lang='lat' dir='ltr'><strong>colenda</strong></span> <span class='ocrx_word' id='word_1_268' title='bbox 700 3637 726 3697; x_wconf 93' lang='lat' dir='ltr'><strong>G</strong></span> <span class='ocrx_word' id='word_1_269' title='bbox 753 3672 787 3684; x_wconf 90' lang='lat'><strong>-·-</strong></span> <span class='ocrx_word' id='word_1_270' title='bbox 816 3640 939 3701; x_wconf 87' lang='lat' dir='ltr'><strong>serenda</strong></span> <span class='ocrx_word' id='word_1_271' title='bbox 962 3639 999 3696; x_wconf 91' lang='lat' dir='ltr'><strong>Y.</strong></span> 
     </span>
     <span class='ocr_line' id='line_1_34' title="bbox 413 3726 1095 3806; baseline 0 -20"><span class='ocrx_word' id='word_1_272' title='bbox 413 3734 442 3801; x_wconf 92' lang='lat'><strong>6,</strong></span> <span class='ocrx_word' id='word_1_273' title='bbox 491 3733 528 3792; x_wconf 85' lang='lat'><strong>6:</strong></span> <span class='ocrx_word' id='word_1_274' title='bbox 551 3729 650 3787; x_wconf 90' lang='lat' dir='ltr'><strong>lustra</strong></span> <span class='ocrx_word' id='word_1_275' title='bbox 674 3726 700 3787; x_wconf 91' lang='lat' dir='ltr'><strong>G</strong></span> <span class='ocrx_word' id='word_1_276' title='bbox 725 3761 765 3770; x_wconf 88' lang='lat'><em>-</em></span> <span class='ocrx_word' id='word_1_277' title='bbox 790 3727 877 3806; x_wconf 83' lang='lat' dir='ltr'><strong>signa</strong></span> <span class='ocrx_word' id='word_1_278' title='bbox 899 3728 936 3786; x_wconf 90' lang='lat' dir='ltr'><strong>Y.</strong></span> <span class='ocrx_word' id='word_1_279' title='bbox 1092 3731 1095 3738; x_wconf 84' lang='grc'><em>“</em></span> 
     </span>
     <span class='ocr_line' id='line_1_35' title="bbox 413 3815 1445 3894; baseline -0.004 -18"><span class='ocrx_word' id='word_1_280' title='bbox 413 3819 443 3890; x_wconf 88' lang='grc'><strong>6,</strong></span> <span class='ocrx_word' id='word_1_281' title='bbox 470 3823 528 3882; x_wconf 82' lang='lat'><strong>28:</strong></span> <span class='ocrx_word' id='word_1_282' title='bbox 552 3818 631 3876; x_wconf 91' lang='lat' dir='ltr'><strong>bella</strong></span> <span class='ocrx_word' id='word_1_283' title='bbox 654 3816 756 3894; x_wconf 86' lang='lat' dir='ltr'><strong>puella</strong></span> <span class='ocrx_word' id='word_1_284' title='bbox 773 3815 799 3875; x_wconf 91' lang='lat' dir='ltr'><strong>G</strong></span> <span class='ocrx_word' id='word_1_285' title='bbox 817 3853 856 3862; x_wconf 93' lang='lat'><em>-</em></span> <span class='ocrx_word' id='word_1_286' title='bbox 875 3818 951 3876; x_wconf 90' lang='lat' dir='ltr'><strong>dura</strong></span> <span class='ocrx_word' id='word_1_287' title='bbox 974 3816 1074 3892; x_wconf 91' lang='lat' dir='ltr'><strong>puella</strong></span> <span class='ocrx_word' id='word_1_288' title='bbox 1089 3817 1116 3873; x_wconf 90' lang='lat' dir='ltr'><strong>Y</strong></span> <span class='ocrx_word' id='word_1_289' title='bbox 1141 3816 1253 3893; x_wconf 88' lang='lat' dir='ltr'><strong>(confer</strong></span> <span class='ocrx_word' id='word_1_290' title='bbox 1267 3815 1325 3889; x_wconf 86' lang='grc' dir='ltr'><strong>ΙΙΙ,</strong></span> <span class='ocrx_word' id='word_1_291' title='bbox 1342 3819 1372 3887; x_wconf 86' lang='grc'><strong>4,</strong></span> <span class='ocrx_word' id='word_1_292' title='bbox 1391 3820 1445 3879; x_wconf 80' lang='lat'><strong>52:</strong></span> 
     </span>
     <span class='ocr_line' id='line_1_36' title="bbox 551 3906 779 3982; baseline -0.004 -16"><span class='ocrx_word' id='word_1_293' title='bbox 551 3906 631 3967; x_wconf 89' lang='lat' dir='ltr'><strong>bella</strong></span> <span class='ocrx_word' id='word_1_294' title='bbox 654 3906 779 3982; x_wconf 89' lang='lat' dir='ltr'><strong>puella.)</strong></span> 
     </span>
    </p>
   </div>
   <div class='ocr_carea' id='block_1_11' title="bbox 328 4058 540 4068">
    <p class='ocr_par' dir='ltr' id='par_1_11' title="bbox 328 4058 540 4068">
     <span class='ocr_line' id='line_1_37' title="bbox 328 4058 540 4068; baseline 0.005 -1"><span class='ocrx_word' id='word_1_295' title='bbox 328 4058 540 4068; x_wconf 53' lang='grc' dir='ltr'><strong>-ι--υ-ἰ</strong></span> 
     </span>
    </p>
   </div>
   <div class='ocr_carea' id='block_1_12' title="bbox 328 4132 1444 4275">
    <p class='ocr_par' dir='ltr' id='par_1_12' title="bbox 328 4132 1444 4275">
     <span class='ocr_line' id='line_1_38' title="bbox 328 4132 1444 4262; baseline -0.005 -72"><span class='ocrx_word' id='word_1_296' title='bbox 328 4209 343 4262; x_wconf 66' lang='lat'><strong>7</strong></span> <span class='ocrx_word' id='word_1_297' title='bbox 372 4207 388 4260; x_wconf 74' lang='lat'>8</span> <span class='ocrx_word' id='word_1_298' title='bbox 419 4134 564 4262; x_wconf 44' lang='lat' dir='ltr'><strong>llpGonfer</strong></span> <span class='ocrx_word' id='word_1_299' title='bbox 589 4136 675 4192; x_wconf 90' lang='lat' dir='ltr'><strong>etiam</strong></span> <span class='ocrx_word' id='word_1_300' title='bbox 699 4136 720 4200; x_wconf 93' lang='lat' dir='ltr'><strong>I,</strong></span> <span class='ocrx_word' id='word_1_301' title='bbox 739 4135 765 4201; x_wconf 87' lang='lat'><strong>3,</strong></span> <span class='ocrx_word' id='word_1_302' title='bbox 784 4134 827 4189; x_wconf 85' lang='lat'><strong>38.</strong></span> <span class='ocrx_word' id='word_1_303' title='bbox 847 4135 890 4189; x_wconf 84' lang='lat'><strong>50.</strong></span> <span class='ocrx_word' id='word_1_304' title='bbox 909 4134 935 4199; x_wconf 86' lang='lat'><strong>4,</strong></span> <span class='ocrx_word' id='word_1_305' title='bbox 955 4134 998 4188; x_wconf 83' lang='lat'><strong>29.</strong></span> <span class='ocrx_word' id='word_1_306' title='bbox 1017 4133 1042 4199; x_wconf 86' lang='lat'><strong>8,</strong></span> <span class='ocrx_word' id='word_1_307' title='bbox 1062 4134 1103 4186; x_wconf 88' lang='lat'><strong>51.</strong></span> <span class='ocrx_word' id='word_1_308' title='bbox 1123 4134 1157 4198; x_wconf 89' lang='lat' dir='ltr'><strong>Il,</strong></span> <span class='ocrx_word' id='word_1_309' title='bbox 1177 4133 1202 4198; x_wconf 83' lang='lat'><strong>3,</strong></span> <span class='ocrx_word' id='word_1_310' title='bbox 1222 4132 1264 4188; x_wconf 85' lang='lat'><strong>63.</strong></span> <span class='ocrx_word' id='word_1_311' title='bbox 1284 4133 1309 4197; x_wconf 89' lang='lat'><strong>6,</strong></span> <span class='ocrx_word' id='word_1_312' title='bbox 1328 4132 1371 4186; x_wconf 80' lang='lat'><strong>46.</strong></span> <span class='ocrx_word' id='word_1_313' title='bbox 1398 4132 1444 4196; x_wconf 77' lang='grc' dir='ltr'><strong>Ν,</strong></span> 
     </span>
     <span class='ocr_line' id='line_1_39' title="bbox 346 4226 485 4275; baseline 0 -13"><span class='ocrx_word' id='word_1_314' title='bbox 346 4250 352 4275; x_wconf 97' lang='grc'><strong>,</strong></span> <span class='ocrx_word' id='word_1_315' title='bbox 407 4227 424 4262; x_wconf 92' lang='lat' dir='ltr'><strong>a</strong></span> <span class='ocrx_word' id='word_1_316' title='bbox 447 4226 485 4262; x_wconf 86' lang='lat' dir='ltr'><strong>as.</strong></span> 
     </span>
    </p>
   </div>
   <div class='ocr_carea' id='block_1_13' title="bbox 0 0 1626 5084">
    <p class='ocr_par' dir='ltr' id='par_1_13' title="bbox 0 0 1626 5084">
     <span class='ocr_line' id='line_1_40' title="bbox 0 0 1626 5084; baseline 0 5"><span class='ocrx_word' id='word_1_317' title='bbox 0 0 1626 5084; x_wconf 95' lang='lat' dir='ltr'><strong> </strong></span> 
     </span>
    </p>
   </div>
  </div>
 </body>
</html>
