3242 5084
651 434 847 494 ..7.-

190 606 300 682 optime
323 611 359 666 ut
382 628 418 667 ne
441 607 602 666 Baehrensi
626 608 746 684 quidem
774 607 945 687 coniectura
971 606 1139 685 ἲ,1113011011
1165 609 1238 667 mihi
1263 609 1309 669 vi-

189 697 296 756 deatur
312 696 492 772 necessaria:
516 696 607 756 ceteri
623 697 763 756 tradunt:
780 696 914 771 Repente
929 715 1036 756 nervos
1049 697 1160 757 excitet
1175 697 1307 758 libidine.

276 807 304 848 v.
332 791 373 850 44
399 787 440 844 F:
465 788 567 858 cesset,
592 787 700 846 ceteri:
725 785 830 861 possit.

276 875 311 933 In
334 879 421 935 tanta
444 875 541 951 igitur
564 875 672 934 codicis
690 875 845 934 Cuiaciani
860 875 1045 949 praestantia
1067 895 1104 934 ne
1127 875 1164 935 iis
1187 876 1309 952 quidem

187 965 258 1024 locis
282 965 393 1040 quibus
417 963 509 1026 ceteri
532 964 602 1024 libri
626 983 720 1040 aeque
744 966 816 1039 apta
836 966 927 1039 atque
950 964 1000 1022 1110
1024 965 1210 1041 praebentl),
1235 967 1308 1040 quid

186 1054 226 1112 sit
248 1053 452 1124 iudicandum,
476 1053 615 1113 dubitare
638 1053 750 1113 licebit,
791 1052 980 1130 Quamquam
994 1072 1054 1112 non
1069 1054 1170 1113 deesse
1192 1074 1307 1126 versus,

188 1143 299 1219 quibus
322 1143 400 1202 Fet
423 1143 486 1218 ipse
514 1146 675 1218 corruptus
711 1142 972 1220 interpolatusque
1006 1143 1046 1201 sit
1077 1143 1204 1219 ideoque
1238 1144 1308 1202 reli-

187 1251 318 1308 quorum
336 1233 472 1292 codicum
495 1232 676 1308 archetypus
699 1231 842 1291 maiorem
866 1235 1018 1292 mereatur
1040 1232 1138 1304 fidem,
1164 1250 1233 1292 cum
1257 1233 1308 1291 alii

186 1326 253 1380 tum
276 1321 424 1380 Aemilius
448 1321 647 1380 Baehrensius
678 1321 709 1378 in
731 1322 833 1382 libello
866 1339 938 1391 suo,
973 1321 1022 1380 cui
1053 1321 1233 1397 inscriptum
1264 1326 1309 1382 est

185 1411 369 1471 Tibullische
392 1410 513 1483 blatter,
538 1430 588 1489 pg.
607 1416 647 1476 63
665 1429 709 1485 sq.
735 1429 789 1470 suo
814 1411 879 1468 iure
901 1413 1011 1472 monet.
1050 1411 1206 1470 Librarius
1230 1411 1309 1470 enim

186 1521 255 1560 cum
279 1501 405 1576 exempli
428 1501 525 1577 gratia
548 1501 579 1558 in
601 1520 630 1561 v.
655 1499 710 1569 IV,
739 1507 765 1573 l,
792 1505 810 1564 2
843 1501 969 1558 verbum
992 1501 1124 1560 terrendi
1146 1519 1215 1559 cum
1238 1521 1308 1576 par-

186 1590 280 1649 ticula
307 1593 380 1664 ,ut“
408 1589 602 1648 coniunctum
625 1589 800 1667 intellegere
822 1607 882 1648 non
905 1592 1015 1664 posset,
1040 1608 1143 1650 vocem
1165 1594 1309 1665 quaeest

190 1679 362 1753 „valeant“,
387 1679 418 1738 in
446 1681 633 1755 „nequeant“
660 1678 746 1737 illud·
759 1678 835 1738 falso
859 1679 1067 1738 commutavit.
1106 1678 1192 1738 Hanc
1215 1679 1308 1754 scrip·

186 1773 288 1827 turam
311 1772 348 1827 ut
370 1787 431 1826 una
455 1788 523 1827 cum
539 1768 740 1842 Lachmanno,
766 1769 819 1843 qui
836 1767 891 1835 ¹uir
913 1768 1104 1827 doctissimus
1128 1768 1309 1843 particulam

189 1860 262 1931 ,ut“
289 1857 476 1918 concedentis
501 1875 563 1918 esse
586 1857 742 1930 iudicavit,
766 1876 870 1916 veram
897 1877 1129 1934 germanamque
1152 1858 1307 1930 ducamus,

185 1947 252 2005 ideo
276 1947 383 2006 adduci
406 1965 465 2005 non
488 1965 657 2021 possumus,
682 1947 762 2022 quod
786 1948 817 2005 et
840 1946 1305 2022 0011110110100,0111101011κ

187 2039 218 2096 et
245 2039 318 2110 „ut“
346 2036 478 2095 eiusdem
502 2036 728 2115 significationis
752 2035 917 2111 particulas
949 2036 981 2094 in
1014 2037 1118 2096 eodem
1150 2036 1307 2095 enuntiato

186 2145 246 2184 una
270 2125 404 2185 adhiberi
434 2145 471 2184 ne
503 2127 582 2201 apud
613 2125 788 2202 panegyrici
821 2125 943 2200 quidem
973 2128 1093 2201 poetam
1125 2125 1309 2184 verisimile

186 2218 240 2287 est,
264 2235 362 2290 neque
385 2216 460 2274 bene
483 2215 664 2290 perspicitur
687 2214 939 2290 quemadmodum
962 2215 1051 2274 lectio
1074 2214 1126 2272 illa
1145 2215 1304 2288 „valeant“

186 2323 240 2379 pro
264 2305 319 2364 hae
351 2304 484 2363 faciliore
507 2303 666 2363 intellectu
692 2306 881 2379 „nequeant“
907 2304 1042 2379 potuerit
1073 2304 1212 2378 irrepere.
1260 2303 1307 2362 Si-

185 2393 300 2454 militer.
333 2393 480 2454 acodicis
515 2394 540 2451 F
570 2393 693 2452 librario
724 2395 881 2468 peccatum
910 2411 972 2452 esse
994 2393 1117 2452 videtur
1139 2393 1171 2452 in
1195 2412 1224 2452 v.
1248 2392 1307 2464 III,

186 2486 216 2556 4,
242 2488 303 2555 66;
327 2503 397 2542 nam
421 2482 540 2542 etiamsi
562 2481 714 2543 Ouiaoiani
737 2482 844 2541 lectio:

313 2611 319 2623 ι
398 2571 513 2631 Saevus
535 2591 619 2630 amor
641 2571 744 2630 docuit
768 2571 894 2630 verbera
916 2590 1006 2631 saeva
1029 2571 1093 2646 pati

185 2661 299 2719 nullam
314 2661 405 2721 habet
426 2662 625 2734 offensionem,
650 2665 750 2720 tamen
767 2660 947 2736 exquisitius
970 2660 1048 2719 illud
1068 2660 1189 2739 „dicendi
1212 2681 1307 2738 genus

185 2750 393 2828 Lygdamique
416 2751 624 2826 propriumq:
652 2753 795 2824 „verbera
819 2768 905 2825 posse
920 2751 1016 2825 pati“,
1041 2751 1123 2825 quod
1145 2750 1177 2808 in
1197 2751 1307 2810 nostris

185 2839 269 2898 libris
300 2840 488 2912 invenimus,
520 2841 567 2898 illi
598 2840 720 2899 videtur
748 2840 986 2915 praeferendum.
1034 2838 1137 2915 Atque
1161 2839 1252 2898 etiam
1275 2839 1307 2898 in

185 2947 213 2987 11.
238 2928 292 3003 IV,
318 2933 347 3001 5,
375 2934 414 2993 10
439 2931 476 2989 ab
499 2929 587 2988 Italis
611 2928 784 2988 emendato:

398 3017 431 3076 Si
453 3019 551 3091 modo,
575 3038 644 3079 oum
667 3018 703 3078 de
726 3038 773 3077 me
797 3017 923 3095 cogitat,
947 3017 999 3076 ille
1022 3018 1100 3077 calet

184 3107 347 3185 fragmenti
369 3108 394 3166 F
425 3107 568 3167 librarius
591 3107 699 3167 codicis
722 3107 879 3182 archetypi
902 3106 1075 3178 lectionem,
1100 3126 1191 3182 quam
1214 3108 1305 3167 ceteri

184 3196 375 3256 tradiderunt
400 3198 532 3271 „valet“,
556 3199 593 3256 ut
615 3197 781 3256 sententiae
804 3199 1003 3271 succurreret,
1027 3215 1120 3271 prave
1135 3196 1164 3253 in
1183 3196 1303 3272 „volet“

185 3289 383 3346 commutasse
406 3283 568 3363 videturfl).
711 3283 715 3292 “

273 3376 380 3452 Neque
410 3379 511 3436 tamen
535 3378 597 3434 tam
620 3393 709 3450 saepe
739 3375 770 3434 in
795 3373 955 3434 Guiaciano
983 3374 1214 3450 interpolatione
1237 3396 1306 3451 pec·

184 3468 286 3524 catum
318 3483 398 3536 esse,
432 3485 523 3541 quam
546 3463 746 3524 Baehrensius
769 3466 884 3535 censet,
908 3463 980 3521 mihi
1005 3465 1184 3538 persuadere
1208 3465 1304 3540 potui.

184 3554 407 3615 Perlustremus
431 3555 517 3614 modo
541 3555 639 3613 varias
657 3554 715 3611 'has
738 3553 900 3613 lectiones:

273 3643 327 3716 IV,
356 3649 384 3715 l,
412 3649 473 3708 189
498 3643 539 3702 F:
575 3646 646 3702 ante
680 3646 776 3715 aot0S,
810 3642 918 3702 ceteri:
954 3642 1064 3702 accitos
1099 3644 1148 3702 vel
1181 3643 1304 3703 accitus.

184 3733 295 3806 Lecti0,
320 3754 398 3810 quae
422 3737 483 3792 est:

274 3960 300 4028 1)
318 3962 404 4018 Velut
431 3963 478 4029 IV,
500 3963 523 4028 1,
543 3963 576 4016 78
596 3963 631 4017 F:
651 3963 765 4029 erroris,
784 3962 884 4020 ceteri:
903 3980 1039 4029 errorum,
1058 3962 1106 4028 IV,
1128 3962 1158 4027 l,
1178 3961 1242 4016 161:
1267 3962 1304 4016 F:

184 4031 271 4100 igitur
289 4030 344 4102 (qd),
365 4034 464 4089 ceteri:
484 4035 584 4089 ceteri:
604 4053 670 4105 ergo
689 4033 719 4105 (g
733 4033 752 4100 ).

319 4123 419 4177 Confer
436 4123 484 4189 ΙΙΙ,
503 4122 529 4190 3,
548 4123 583 4177 32
602 4125 674 4188 016,
693 4124 736 4179 44.

318 4212 359 4266 De
377 4217 458 4268 versu
477 4213 524 4278 ΙΙΙ,
544 4213 569 4278 6,
588 4213 631 4279 44,
659 4217 692 4267 ut
713 4213 783 4266 mihi
809 4212 923 4283 quidem
940 4212 1066 4278 ridetur,
1085 4210 1191 4284 optimc
1209 4211 1303 4283 dispu-

185 4283 257 4350 tavit
275 4283 312 4338 M.
332 4283 525 4341 Rothsteiaius
545 4303 592 4358 pg.
612 4285 628 4337 8
647 4303 708 4356 sqq.
