3242 5084
625 491 838 552 ..59-

170 662 272 721 sitioni
302 682 382 723 nunc
413 683 444 723 se
476 684 596 740 operam
627 666 788 738 daturum,
826 667 876 740 (nt
907 663 1052 743 Scaligeri
1081 665 1181 725 verbis
1203 663 1289 744 utar)

68 783 71 792 ν
171 751 251 826 quod
278 755 323 811 est
356 753 600 812 honestissimum
635 773 742 814 manus
776 754 971 825 rurantibuS,
1008 773 1076 814 oum
1109 754 1170 813 iam
1203 758 1291 813 antee

170 859 254 898 arare
277 859 308 900 se
333 844 362 900 et
385 861 454 902 oves
478 862 615 918 pascere,
649 844 729 919 quod
762 847 807 902 est
839 843 976 902 infimum
1008 844 1091 914 ruri,
1123 843 1290 918 professsus

119 987 124 992 .
169 932 269 988 esset?
316 929 393 1000 Quid
418 950 506 1007 porro
541 932 709 1010 significare
744 937 887 1008 putemus
915 934 1007 992 verba
1040 933 1093 992 illa
1128 931 1233 1009 „Ipse“
1261 935 1291 992 et

172 1018 384 1092 „Rusticus“?
417 1023 466 1079 An
489 1021 569 1081 dicat
592 1021 660 1097 quis
687 1022 857 1096 ,rusticus“
884 1021 960 1080 illud
984 1043 1001 1080 a
1024 1020 1144 1081 Tibullo
1168 1026 1291 1097 propter

168 1106 301 1182 inopiam
324 1110 490 1169 sententiae
513 1111 578 1170 leve
601 1111 737 1186 nihilque
753 1110 883 1170 efficiens
906 1111 1087 1170 vocabulum
1111 1111 1147 1169 ad
1171 1129 1291 1171 versum

170 1197 382 1272 complendum
403 1200 614 1260 tantummodo
639 1199 700 1260 esse
724 1199 879 1275 positum?

260 1319 345 1382 (lente
376 1341 462 1382 nemo
493 1323 548 1382 hoc
580 1323 665 1382 nobis
697 1323 754 1383 erit
784 1325 987 1399 probaturus,
1020 1341 1182 1399 omnesque
1217 1323 1290 1381 mihi

169 1411 331 1470 concedent
346 1430 449 1470 versus
466 1431 515 1472 eos
531 1413 642 1488 quibus
665 1415 754 1488 poeta
777 1413 935 1471 consilium
957 1431 1049 1471 suum
1071 1412 1203 1488 exponit,
1227 1430 1290 1472 sese

168 1501 272 1559 contra
296 1503 388 1576 atque
412 1521 481 1560 eum
505 1502 558 1577 qui
587 1522 641 1577 per
670 1501 809 1561 militiam
844 1502 968 1560 adsiduo
999 1506 1114 1560 terrore
1142 1501 1290 1560 excitatas

169 1588 292 1648 divitias
311 1589 401 1660 dulvc
425 1609 498 1650 auro
522 1591 580 1650 sihi
603 1594 757 1668 congerat,
791 1590 892 1666 parvis
915 1591 945 1648 in
970 1591 1078 1666 opibus
1101 1590 1221 1650 rusticis
1245 1591 1289 1648 la·

168 1677 292 1737 boribus
316 1679 452 1739 deditum
480 1679 595 1739 felicem
624 1680 820 1755 quietamque
843 1680 938 1738 vitam
961 1680 1038 1740 velle
1060 1680 1185 1756 degere,
1209 1682 1290 1738 recte

171 1772 240 1826 ante
263 1767 329 1826 illos
353 1768 491 1828 collocari
523 1770 577 1845 qui
606 1769 637 1826 in
668 1769 818 1846 agricolae
849 1769 977 1846 negotiis
1001 1768 1073 1844 ipsis
1097 1768 1290 1846 depingendis

168 1860 337 1919 versantur.
375 1858 483 1933 Neque
503 1859 576 1933 quid
596 1859 695 1933 ,ipse“
722 1858 799 1916 illud
815 1876 920 1917 versus
935 1858 1056 1933 septimi
1070 1857 1128 1916 sibi
1151 1856 1234 1929 velit,
1259 1858 1290 1916 id

169 1945 250 2020 quod
273 1945 405 2006 Hessius
428 1966 490 2006 una
513 1965 582 2006 cum
605 1948 696 2006 verbo
723 1947 808 2021 „bic“
834 1965 940 2006 versus
964 1952 1005 2011 35
1030 1947 1158 2004 maxime
1179 1947 1289 2022 premit

168 2051 241 2092 suae
275 2035 459 2100 traiectionis
490 2039 719 2113 argumentum,
759 2036 815 2095 tali
853 2054 996 2096 versuum
1035 2036 1289 2096 transmutatione

167 2122 248 2182 facta
276 2123 348 2183 satis
380 2125 579 2200 perspicitur3
615 2145 685 2183 nam
717 2125 753 2184 de
783 2125 969 2201 oppositione
999 2125 1094 2200 ipsius
1128 2125 1191 2184 heri
1227 2143 1288 2184 ser·

83 2255 85 2260 .
168 2229 336 2288 verumque
352 2214 479 2290 cogitari
494 2234 550 2274 non
567 2217 677 2290 potest,
702 2213 727 2273 si
743 2214 802 2272 ism
827 2217 915 2272 antea
939 2215 1028 2273 herus
1051 2232 1114 2274 sese
1137 2213 1288 2273 bidentem

167 2303 268 2360 tenere
298 2302 458 2378 ipsumque
488 2305 580 2363 boves
611 2303 767 2362 stimulare
797 2303 949 2379 professus
980 2307 1035 2362 est.
1092 2301 1188 2372 Quam
1218 2305 1288 2378 apte

168 2391 271 2450 autem
286 2409 340 2451 suo
357 2392 430 2480 loco,
457 2411 516 2468 quo
532 2392 603 2452 libri
625 2392 656 2450 id
679 2392 837 2463 exhibent,
862 2393 1045 2452 vccabulum
1066 2392 1130 2468 ipse
1153 2393 1287 2467 positum

168 2479 217 2550 sit,
241 2479 321 2538 infra
343 2481 623 2541 demonstrabimus
1126 2481 1129 2490 '

257 2594 381 2655 Praeter
404 2597 476 2656 haec
499 2597 575 2657 vitia
599 2598 710 2672 quibus
734 2597 896 2674 utriusque
919 2597 977 2657 viri
1000 2597 1081 2657 docti
1106 2600 1136 2656 et
1156 2597 1290 2657 Richteri

171 2687 201 2742 et
224 2683 398 2744 Baehrensii
431 2685 497 2765 (nec
527 2705 586 2744 non
610 2684 716 2744 Haasii
739 2687 969 2764 Ribbeckiique)
999 2686 1196 2746 distichorum
1227 2690 1289 2746 tra-

169 2772 296 2833 iectione
321 2773 447 2853 elegiam
467 2774 594 2851 primam
614 2776 695 2835 infici
713 2777 876 2836 ostendisse
895 2776 969 2834 mihi
984 2776 1096 2846 videor,
1120 2776 1176 2835 hoe
1199 2777 1289 2835 etiam

168 2865 272 2921 contra
311 2862 473 2924 Baehrensi
512 2864 737 2924 rest'tutionem
775 2866 913 2925 carminis
952 2884 1105 2938 moneam,
1144 2864 1290 2924 eiusmodi

168 2952 359 3024 parentheses
391 2953 509 3029 qualem
539 2954 676 3013 versibus
701 2956 833 3018 33-36
864 2955 915 3014 ille
943 2953 1120 3026 constituit,
1151 2957 1216 3013 toto
1239 2953 1289 3011 Ti-

167 3039 244 3098 bulli
268 3039 370 3102 libello
394 3060 544 3119 nusquam
566 3042 705 3113 inveniri,
730 3043 788 3101 nisi
811 3043 843 3100 in
867 3043 997 3103 carmine
1013 3043 1040 3099 V
1056 3042 1126 3101 libri
1142 3042 1183 3116 Π,
1209 3042 1290 3119 quod

168 3147 286 3188 carmen
310 3148 370 3188 non
393 3149 491 3206 usque
515 3132 552 3190 ad
574 3131 731 3206 umbilicos
756 3133 921 3191 adductum
944 3150 1016 3204 esse,
1040 3132 1091 3190 sed
1116 3151 1131 3190 e
1151 3132 1290 3207 pluribus

168 3237 245 3292 quae
268 3218 390 3278 minime
414 3221 610 3280 cohaerebant
633 3219 771 3297 partibus
796 3222 833 3280 ab
856 3221 950 3280 amico
974 3221 1103 3296 quodam
1126 3224 1193 3295 post
1209 3239 1289 3279 mor-

167 3309 228 3366 tem
263 3312 367 3383 poetae
406 3309 483 3369 male
522 3310 765 3388 conglutinatum
800 3308 992 3387 Gruppius1)
1031 3309 1222 3386 sagacissime
1260 3312 1290 3368 et

167 3396 321 3456 verissime
344 3397 534 3474 intellexit.²)

258 3622 285 3691 1)
305 3625 453 3682 Romische
472 3627 570 3698 elegis.
589 3629 643 3683 vol.
663 3629 676 3681 I
694 3647 741 3698 pg.
763 3629 795 3681 77
815 3647 876 3698 sqq.

168 3795 197 3848 di
251 3720 285 3849 ἐι)
304 3723 405 3849 {enter
424 3725 509 3780 etiam
528 3743 601 3794 quae
620 3727 652 3780 ll.
667 3727 783 3782 Richter
801 3747 848 3798 pg.
867 3728 883 3780 6
902 3727 936 3782 de
955 3727 1053 3782 Haasii
1071 3726 1290 3797 transpositione

198 3813 250 3864 ⁸P¹1
282 3814 312 3850 Vl
332 3837 401 3950 ,At
419 3903 467 3940 vos
487 3888 588 3958 exiguo
606 3888 708 3959 pecori,
727 3889 858 3958 furesque
876 3889 1000 3960 lupique,
1019 3889 1062 3944 33.

382 3958 508 4014 Parcite:
528 3959 562 4014 de
581 3977 684 4029 magno
703 3960 809 4030 praeda
827 3962 949 4031 petenda
968 3979 1062 4031 grege.

346 4028 409 4098 Ipse
428 4047 518 4084 seram
536 4033 646 4086 teneras
665 4035 775 4086 maturo
794 4035 920 4103 tempore
939 4034 1011 4087 vites
1031 4050 1054 4087 e.
1065 4050 1092 4100 q.
1106 4029 1162 4100 sq.“

169 4123 263 4188 Quid?
282 4123 374 4176 furum
393 4123 444 4178 illa
463 4128 491 4178 et
516 4125 645 4194 luporum
664 4127 824 4196 deprecatio
844 4129 971 4196 quamvis
990 4131 1056 4198 apte
1080 4125 1228 4182 conveniat
1246 4145 1290 4180 su·

168 4193 269 4265 periori
289 4195 445 4250 sententiae
469 4196 493 4249 si
517 4198 656 4266 progressi
681 4216 776 4252 sumus
802 4199 839 4263 ad
866 4199 945 4268 „lpse
970 4217 1061 4254 seram
1080 4196 1150 4253 etc.“
1171 4224 1203 4231 -
1223 4217 1290 4252 num

168 4266 236 4334 quid
262 4264 340 4319 aliud
368 4285 452 4334 quam
475 4267 664 4338 inopportuna
690 4271 879 4340 parenthesis,
899 4272 1018 4325 molesta
1036 4269 1185 4340 digressio,
1204 4287 1289 4337 quam

168 4337 226 4462 nisit
242 4339 336 4391 mente
351 4339 613 4463 praetepppittimua‚
630 4357 686 4394 non
699 4341 834 4396 habemus
847 4359 903 4410 quo
913 4342 1107 4412 insequentem
1119 4341 1290 4398 sententiam

168 4425 213 4463 rec
228 4425 242 4462 e
262 4425 350 4463 annec
365 4426 443 4463 amus
