3242 5084
792 465 1011 524 -.14-

259 653 261 658 ·
340 656 444 698 versus
466 639 599 697 metrum
623 639 773 709 obstaret;
797 638 879 713 apud
901 638 1063 697 Paulinum
1087 637 1165 696 enim
1188 637 1463 699 Petrocordiensem

338 727 369 784 in
395 727 459 786 vita
483 725 528 809 δὲ.
554 726 676 785 Martini
702 726 756 800 IV,
782 731 846 790 225
860 726 885 803 ¹)
911 728 1058 802 eruptum
1082 731 1139 786 est:

475 815 611 890 „Rursus
634 817 692 874 iter
716 833 836 893 gressus
860 816 1029 876 venerabile
1052 818 1174 875 sanctus
1199 818 1309 893 agebat

473 903 635 966 Carnutina
657 906 755 964 iacent
778 905 892 981 patulis
915 926 993 982 quae
1015 906 1133 965 moenia
1155 906 1299 982 campis“,

338 995 374 1052 ut
398 994 518 1053 Carnoti
543 994 729 1070 paenultima
751 995 900 1071 producta
923 995 1147 1071 pronuntietur.
1196 996 1239 1053 At
1261 994 1361 1053 omnia
1384 1015 1462 1070 quae

338 1083 369 1140 in
386 1082 519 1143 Caesaris
543 1083 763 1143 commentariis
787 1087 893 1143 extant
916 1085 1052 1160 exempla
1074 1085 1229 1144 nominum
1244 1086 1332 1143 modo
1355 1103 1462 1143 secun-

338 1172 411 1231 dum
442 1173 564 1232 tertiam
587 1173 675 1231 modo
699 1174 864 1255 secundum
891 1174 1016 1233 alteram
1050 1173 1278 1233 declinationem
1305 1174 1460 1245 flexurum,

338 1262 425 1321 velut
449 1261 594 1321 Santones
618 1265 649 1320 et
672 1261 798 1321 Santoni
808 1263 843 1337 ²),
868 1263 996 1322 Teutoni
1021 1266 1051 1321 et-
1074 1263 1223 1323 Teutones
1233 1259 1269 1340 8),
1301 1262 1461 1322 Atrebates

338 1356 369 1409 et
391 1351 531 1412 Atrebati
539 1352 578 1426 4),
611 1350 726 1410 Caletes
757 1355 787 1410 et
811 1350 915 1425 Caleti‚
948 1353 1007 1410 alia
1038 1352 1093 1411 hoc
1122 1353 1201 1412 inter
1224 1370 1255 1410 se
1278 1355 1460 1428 congruunt,

338 1442 418 1515 quod
442 1441 629 1516 paenultima
645 1440 760 1516 syllaba
784 1441 989 1518 corripiturl).
1037 1439 1103 1511 Qua
1125 1442 1162 1500 de
1185 1460 1274 1501 causa
1296 1441 1376 1499 haud
1400 1441 1460 1501 scio

338 1549 375 1586 an
400 1529 490 1588 etiam
507 1529 653 1590 Carnutes
670 1530 857 1605 paenultima
873 1534 1011 1605 correpta
1027 1531 1284 1605 pronuntiandum
1300 1531 1350 1603 sit,
1374 1550 1460 1605 prae-

338 1618 442 1678 sertim
465 1638 534 1678 cum
556 1619 702 1678 Paulinus
718 1618 909 1678 Petrocorius
933 1638 994 1694 quo
1009 1619 1120 1678 saeculi
1137 1621 1238 1695 quinti
1252 1623 1320 1694 post
1344 1618 1412 1677 Chr.
1430 1640 1459 1677 n.

338 1709 482 1784 scriptore
506 1727 566 1766 uno
590 1726 730 1768 mensura
752 1708 806 1765 illa
830 1709 969 1767 vocabuli
986 1709 1106 1778 nititur,
1132 1729 1200 1768 cum
1224 1710 1299 1768 alies
1322 1712 1461 1767 veterum

338 1797 419 1875 leges
442 1798 473 1854 in
497 1797 627 1857 carmine
659 1797 860 1872 componendo
890 1817 947 1856 non
981 1799 1025 1856 ita
1056 1797 1216 1875 diligenter
1247 1799 1460 1868 observaverit,

337 1889 405 1945 tum
428 1887 557 1946 maxime
580 1887 612 1945 in
636 1887 790 1945 nominum
814 1887 1005 1962 propriorum
1028 1887 1092 1945 sive
1120 1907 1297 1964 graecorum
1321 1905 1461 1946 mensura

338 1976 505 2051 peccaverit
521 1975 733 2054 saepissimessl.
773 1975 852 2034 Tum
875 1977 971 2054 igitur
986 1976 1224 2053 Frisingensium
1240 1977 1390 2052 scriptura
1405 1996 1459 2050 pro

338 2065 474 2124 codicum
497 2066 625 2125 lectione
651 2065 812 2139 „Carnoti“
839 2066 1006 2141 recipiatur
1028 2066 1196 2141 oportebit:

553 2153 692 2214 Carnutis
716 2155 746 2213 et
768 2155 840 2213 flavi
863 2156 983 2214 caerula
1004 2155 1118 2229 limpha
1139 2155 1239 2232 Liger.

338 2243 404 2314 Qua
426 2243 552 2304 lectione
568 2247 687 2319 recepta
709 2243 852 2303 tollemus
868 2244 959 2303 etiam
984 2244 1136 2303 elisionem
1160 2245 1243 2303 illam
1258 2244 1340 2305 vocis
1363 2244 1460 2303 forma

337 2333 458 2392 molossi
474 2333 567 2408 pedis,
584 2336 722 2409 correpta
737 2334 854 2409 syllaba
869 2337 1012 2408 sequente
1029 2333 1197 2404 admissam,
1215 2354 1308 2409 quam
1320 2334 1459 2400 Tibullus

337 2423 448 2482 vitasse
472 2423 602 2494 videtur,
627 2442 695 2482 cum
718 2442 870 2498 nusquam
893 2423 924 2481 in
949 2423 1013 2482 eius
1029 2423 1211 2482 carminibus
1235 2424 1291 2482 nisi
1315 2423 1456 2483 hocloco

336 2513 390 2571 illa
411 2513 594 2572 inveniatur.

426 2601 461 2659 In
485 2620 575 2660 versu
598 2601 726 2677 denique
748 2600 774 2671 Ι,
801 2607 830 2674 2,
859 2605 898 2664 19
931 2601 1093 2659 verborum
1116 2602 1342 2661 collocationem
1366 2621 1457 2676 quam

337 2690 542 2768 Frisingensia
564 2693 726 2766 praebent:

565 2779 623 2839 Illa
646 2779 732 2838 docet
755 2779 839 2836 molli
862 2778 969 2837 furtim
993 2780 1133 2854 derepere
1156 2780 1233 2839 lecto

336 2869 432 2946 magis
456 2888 492 2927 ex
514 2873 621 2944 poetae
644 2887 704 2926 usu
728 2886 789 2927 esse
806 2887 897 2943 quam
913 2887 991 2943 quae
1013 2869 1045 2926 in
1065 2869 1175 2929 nostris
1199 2869 1350 2928 codicibus
1374 2870 1458 2927 extat

340 2958 467 3032 „furtim
497 2958 612 3029 molli“,
646 2975 747 3016 omnes
779 2957 831 3032 qui
862 2957 1105 3016 Tibullianorum
1136 2977 1279 3018 versuum
1311 2958 1457 3016 rationem

337 3049 497 3119 noverunt,
521 3047 649 3107 libenter
673 3046 758 3106 nobis
783 3047 952 3106 concedent.

426 3137 471 3196 De
502 3138 607 3198 ceteris
639 3138 742 3195 autem
773 3135 921 3195 librorum
951 3136 1159 3210 discrepantiis
1191 3156 1259 3196 cum
1291 3135 1349 3203 viri
1378 3135 1457 3195 docti

337 3245 438 3286 omnes
454 3226 649 3299 consentiant,
674 3225 733 3283 iam
750 3225 786 3283 ad
801 3225 919 3300 reliqua
934 3225 1046 3284 Tibulli
1070 3227 1210 3300 excerpta
1226 3225 1354 3284 transire
1376 3224 1455 3284 licet.

337 3315 452 3386 Quibus
485 3315 659 3374 examinatis
691 3334 763 3372 num
798 3315 872 3373 certi
895 3315 968 3390 quid
1000 3316 1037 3374 de
1067 3314 1238 3392 eclogarum
1262 3314 1458 3389 codicumque

337 3406 514 3483 cognatione
538 3405 603 3464 erui
626 3404 730 3480 possit,
754 3402 933 3463 videbimus.

336 3555 550 3563 ———-——-——

427 3633 453 3701 1)
472 3635 605 3706 Mignius,
625 3635 726 3704 patrol.
745 3638 812 3688 tom.
833 3632 895 3686 LXI
913 3652 959 3703 pg.
981 3633 1050 3686 1042
1068 3635 1101 3687 A.

427 3721 454 3789 2)
474 3725 573 3778 Confer
603 3723 721 3779 Ptolem.
753 3741 848 3794 geogr.
878 3723 903 3789 2,
923 3723 954 3776 6:
985 3721 1135 3789 Σᾰντονες,
1168 3724 1270 3777 Tibull.
1298 3725 1323 3790 I,
1349 3723 1379 3789 7,
1409 3723 1456 3778 10:

338 3794 491 3850 Santonici.

426 3883 453 3951 3)
472 3883 572 3938 Confer
589 3883 714 3952 Propert.
733 3881 781 3947 ΙΙΙ,
800 3882 825 3949 2,
845 3882 893 3936 44:
914 3882 1091 3937 Teutonicus.

730 3953 738 3968 ὶ

426 3972 454 4040 4)
473 3973 573 4027 Confer
591 3971 685 4026 Sidon.
705 3989 788 4026 carm.
809 3971 834 4037 5,
854 3970 920 4024 212:
939 3968 1115 4025 Atrebatum.

426 4070 453 4138 5)
472 4072 514 4124 De
532 4071 641 4124 incerta
668 4070 809 4123 vocalium
835 4086 965 4122 mensura
991 4069 1066 4139 apud
1091 4069 1210 4122 Graecos
1229 4069 1277 4122 cfr.
1298 4067 1389 4121 Strab.
1409 4067 1456 4131 IV,

337 4141 362 4210 3,
384 4144 447 4197 194:
468 4142 582 4192 Κάλετοι
601 4145 630 4195 et
648 4141 765 4196 Ptolem.
785 4157 880 4210 geogr.
900 4141 925 4205 2,
945 4141 960 4192 7
979 4160 1026 4212 pg.
1048 4140 1111 4194 137:
1131 4137 1259 4202 Καλῆται.

427 4239 455 4307 6)
475 4241 535 4306 Qua
562 4241 596 4294 de
622 4257 651 4294 re
670 4241 763 4294 confer
784 4257 856 4307 quae
879 4238 924 4292 W.
946 4238 972 4292 S.
993 4239 1158 4304 Teuffelius‚
1182 4239 1261 4292 Rom.
1285 4238 1340 4291 litt.
1360 4236 1458 4303 4743

339 4313 495 4384 disputavit
514 4307 625 4380 (ordino,
644 4308 829 4377 minuente.)
