3242 5084
616 468 834 527 ..47-

163 659 218 716 pro
241 661 276 700 ca
299 661 390 717 quam
413 641 594 717 archetypus
618 641 725 703 codicis
749 639 776 700 G
800 642 830 700 et
854 642 1061 717 excerptorum
1080 638 1285 699 Parisinorum

164 730 300 789 exhibuit
319 731 500 806 „adoperta“
518 733 660 807 praebere
682 731 756 790 mihi
771 731 903 789 videtur.
943 730 1042 789 Multo
1066 730 1145 789 enim
1168 748 1284 812 γραφι-

163 807 302 898 κώτερον
334 820 412 878 illud
443 821 558 880 dictum
591 823 635 880 est
666 824 757 896 atque
788 819 859 879 huic
890 819 1048 895 praecipue
1080 819 1144 878 loco
1172 819 1283 894 aptius,

162 927 229 966 cum
255 902 286 967 in
301 909 438 968 versibus
462 910 658 985 sequentibus
682 910 784 970 eadem
799 909 916 968 Praeda
938 909 1025 985 quasi
1041 927 1167 983 persona
1181 925 1282 986 agens,

161 997 194 1056 id
217 1001 262 1056 est
285 1001 409 1074 operata
430 999 601 1060 inducatur.
642 998 744 1074 Atque
760 998 878 1058 facilius
902 1001 983 1058 certe
999 998 1181 1057 vocabulum
1204 997 1285 1072 quod

163 1090 209 1146 est
224 1088 390 1162 adoperta,
415 1087 569 1148 inlocum
592 1088 673 1147 vocis
700 1089 861 1163 „operata“
886 1087 980 1162 recipi
1010 1086 1159 1162 potuisse,
1194 1106 1285 1162 qnam

161 1194 266 1246 secus,
302 1197 337 1235 ex
369 1195 474 1237 versus
496 1177 536 1250 ΙΙ,
564 1182 592 1248 5,
618 1182 659 1242 95
677 1177 849 1252 scripturis
879 1175 1086 1254 intellegitur:
1118 1175 1146 1233 A
1168 1178 1283 1250 operta,

164 1264 191 1321 V
217 1269 267 1340 get
291 1269 414 1342 operta“
441 1267 526 1340 falso,
551 1265 578 1324 G
604 1270 764 1342 „operata“
791 1268 883 1330 recte.

252 1389 329 1449 Gum
352 1393 454 1450 autem
478 1391 516 1450 ad
538 1392 685 1449 bonarum
708 1390 873 1450 lectionum
896 1407 1057 1447 numerum
1080 1387 1230 1448 codicisG
1255 1392 1284 1447 et

162 1478 302 1557 florilegii
334 1480 539 1553 communium
565 1499 678 1555 pravae
708 1481 763 1538 hae
794 1497 888 1554 paene
912 1478 973 1536 sint
995 1478 1117 1551 nullae,
1149 1477 1284 1552 reliquae

163 1587 284 1643 quoque
307 1569 475 1644 scripturae
497 1569 640 1643 illorum,
674 1569 710 1629 de
743 1569 855 1644 quibus
883 1567 1017 1642 alioquin
1040 1566 1181 1626 dubitare
1203 1567 1283 1645 licet,
1376 1612 1378 1615 .

162 1675 216 1732 pro
240 1658 390 1734 germanis
414 1658 521 1718 codicis
545 1658 701 1734 archetypi
724 1657 751 1716 X
774 1657 927 1716 habendae
957 1660 1038 1716 sunt.
1085 1656 1284 1732 Recipiantur

161 1745 259 1822 igitur
281 1747 312 1804 in
336 1747 495 1806 editionem
519 1750 638 1822 oportet
661 1748 732 1807 hae:

195 1888 221 1961 Ι,
247 1894 276 1961 3,
303 1895 362 1953 71:
386 1889 464 1949 Tum
699 1890 783 1951 Tunc
802 1890 839 1948 Y.

198 1994 201 2000 '
245 1985 274 2050 8,
322 1984 358 2043 9:
384 1980 506 2056 prodest
528 1979 652 2039 molles.
699 1980 802 2040 molles
826 1978 948 2055 prodest
970 1977 1007 2036 Y.

245 2072 274 2142 8,
303 2073 360 2131 10:
385 2067 479 2144 Saepe
503 2071 533 2128 et
697 2067 852 2144 Saepeque
875 2067 911 2128 Y.

171 2184 217 2272 ΙΙΙ,
246 2190 272 2258 1,
299 2191 357 2249 29:
383 2187 533 2246 celebrant
698 2185 848 2246 eelebrent
871 2182 908 2242 Y.

247 2280 273 2347 1,
298 2280 356 2338 45:
382 2279 448 2334 tum
492 2281 496 2290 ⁴
693 2278 768 2334 tunc
790 2274 827 2331 Y.

159 2389 219 2463 ΙΠ,
245 2391 279 2462 3,
301 2396 359 2455 29:
383 2392 452 2449 Non
700 2390 762 2450 Nec
785 2390 822 2448 Y.

243 2484 272 2552 6,
301 2485 356 2544 13:
381 2481 492 2540 feroces
697 2479 826 2539 ferocem
848 2477 885 2536 Y.

249 2641 304 2699 His
332 2641 468 2700 omnibus
502 2641 580 2700 enim
611 2641 768 2716 scripturis
798 2639 952 2717 graviores
982 2646 1089 2697 causae
1120 2635 1281 2712 quominus

159 2750 231 2788 vera
254 2730 367 2789 Tibulli
391 2733 481 2790 verba
504 2733 651 2806 putentur
674 2749 732 2788 non
757 2731 895 2800 obstant3
926 2729 957 2785 in
987 2747 1049 2785 una
1072 2725 1282 2784 tantummodo

158 2838 263 2878 versus
295 2819 352 2890 11„
377 2826 402 2888 1,
440 2825 481 2883 29
520 2818 730 2878 coniunctivus
766 2819 954 2894 ‚,celebrent“
991 2816 1151 2892 paululum
1183 2814 1282 2889 aptior

159 2909 447 2984 quamindicaiivus
464 2909 594 2968 videtur.
630 2908 780 2968 Deversu
804 2907 829 2979 I,
858 2912 907 2980 10,
933 2911 985 2976 46,
1010 2905 1114 2981 qch
1141 2903 1277 2979 „panda“

160 2999 289 3072 exhibet,
313 2999 502 3072 Y„curva“,
527 2998 606 3056 infra
629 2997 659 3055 in
683 2998 866 3056 anctoritate
889 2995 997 3054 codicis
1021 2992 1176 3070 archetypi
1198 2992 1281 3051 fleri-

158 3087 230 3166 legii
253 3090 284 3146 et
304 3086 533 3162 Guelferbytani
556 3087 747 3162 ponderanda
769 3087 957 3145 disseremus.

247 3213 312 3272 Iam
336 3212 372 3270 ad
397 3229 446 3270 eas
469 3211 609 3270 lectiones
634 3211 865 3290 aggrediamur,
900 3209 1012 3285 quibus
1036 3164 1175 3281 excerpta
1197 3205 1272 3264 Par·

158 3302 222 3362 sina
246 3322 263 3359 a
287 3301 522 3376 Guelferbytano
546 3300 736 3360 dissentiunt.
783 3298 1019 3374 Interpolatione
1051 3296 1173 3372 quidem
1196 3296 1280 3354 ortae

160 3394 232 3451 sunt
256 3393 309 3449 aut
332 3392 411 3450 certe
440 3390 471 3448 in
504 3390 603 3449 codice
634 3389 795 3464 utriusque
826 3387 958 3446 familiae
988 3386 1150 3460 archetypo
1174 3382 1198 3442 Ο
1222 3403 1279 3442 non

161 3481 326 3539 extiterunt
349 3479 419 3538 illae
443 3498 520 3554 quae
536 3478 584 3538 vel
606 3479 641 3555 in¹
659 3477 685 3537 G
700 3478 750 3537 vel
772 3479 804 3535 in
826 3476 972 3554 florilegio
997 3478 1135 3534 exaratae
1159 3494 1176 3532 a
1200 3475 1281 3532 cete·

160 3589 263 3628 rorum
300 3569 448 3628 librorum
486 3585 631 3627 censensu
670 3567 890 3629 destituuntur.
948 3566 1034 3624 Duae
1068 3564 1124 3622 hae
1158 3566 1281 3622 tantum

160 3658 326 3734 scripturae
349 3657 390 3728 ΙΙ,
419 3663 446 3727 l,
473 3661 510 3720 9:
544 3662 616 3716 sunt
638 3656 665 3718 Y
688 3656 756 3727 Par,
784 3655 846 3714 sint
870 3654 896 3713 G
919 3657 950 3713 et
972 3654 1014 3723 II,
1044 3659 1069 3724 1,
1095 3658 1155 3716 89ε
1187 3651 1280 3710 fulvis

159 3748 186 3804 Y
209 3747 295 3821 Pan,
327 3746 425 3804 furvis
449 3743 491 3817 G,
521 3746 631 3820 quibus
662 3745 813 3805 consensio
842 3743 977 3804 codicum
1000 3742 1064 3800 AV
1088 3745 1118 3800 et
1141 3741 1280 3818 florilegii

158 3836 330 3896 testimonio
346 3834 576 3910 Guelferbytani
598 3834 721 3894 inferior
744 3836 799 3910 est,
823 3833 854 3891 in
878 3833 1039 3907 utriusque
1061 3831 1193 3890 familiae
1210 3848 1280 3904 pro-

159 3926 276 4004 geniem
301 3943 399 3985 errore
421 3924 574 3999 irrepsisse
590 3924 742 3996 videntur,
766 3923 796 3982 id
820 3922 901 3998 qnod
923 3921 1063 3980 facillime
1079 3919 1143 3978 fieri
1158 3919 1278 3995 potuit3

158 4015 255 4075 altera
277 4017 356 4074 certe
379 4013 467 4074 lectio
491 4033 526 4072 ex
549 4031 654 4072 versus
677 4011 879 4072 antecedentis
903 4009 1051 4070 vocabulo
1067 4008 1189 4083 „fulva“
1208 4026 1277 4083 pro-

157 4105 237 4164 fecta
268 4104 322 4162 est.
370 4101 480 4161 Gontra
511 4103 556 4161 his
588 4101 660 4162 locis
684 4099 916 4177 Guelferbytani
942 4099 1084 4158 librarius
1113 4097 1279 4172 interpola·
1376 4154 1379 4162 ,

158 4195 240 4253 tione
263 4192 325 4252 sive
349 4191 483 4252 socordia
506 4191 614 4251 codicis
638 4190 793 4267 archetypi
807 4188 832 4248 Ο
848 4188 990 4249 lectiones
1013 4187 1197 4260 immutavit,
1221 4184 1279 4243 AV

158 4300 314 4360 germanas
339 4280 494 4340 exhibent:
