<?xml version="1.0" encoding="UTF-8"?>
<!DOCTYPE html PUBLIC "-//W3C//DTD XHTML 1.0 Transitional//EN"
    "http://www.w3.org/TR/xhtml1/DTD/xhtml1-transitional.dtd">
<html xmlns="http://www.w3.org/1999/xhtml" xml:lang="en" lang="en">
 <head>
  <title>
</title>
<meta http-equiv="Content-Type" content="text/html;charset=utf-8" />
  <meta name='ocr-system' content='tesseract 3.04.00' />
  <meta name='ocr-capabilities' content='ocr_page ocr_carea ocr_par ocr_line ocrx_word'/>
</head>
<body>
  <div class='ocr_page' id='page_1' title='image "./decodicibustibu03leongoog_0016.png"; bbox 0 0 3242 5084; ppageno 0'>
   <div class='ocr_carea' id='block_1_1' title="bbox 780 401 977 462">
    <p class='ocr_par' dir='ltr' id='par_1_1' title="bbox 780 401 977 462">
     <span class='ocr_line' id='line_1_1' title="bbox 780 401 977 462; baseline -0.005 -17"><span class='ocrx_word' id='word_1_1' title='bbox 780 401 977 462; x_wconf 60' lang='lat' dir='ltr'>-g-</span> 
     </span>
    </p>
   </div>
   <div class='ocr_carea' id='block_1_2' title="bbox 316 579 1439 1460">
    <p class='ocr_par' dir='ltr' id='par_1_2' title="bbox 472 579 808 649">
     <span class='ocr_line' id='line_1_2' title="bbox 472 579 808 649; baseline -0.006 -12"><span class='ocrx_word' id='word_1_2' title='bbox 472 579 550 637; x_wconf 89' lang='lat' dir='ltr'>Nam</span> <span class='ocrx_word' id='word_1_3' title='bbox 573 598 646 637; x_wconf 89' lang='lat' dir='ltr'>cura</span> <span class='ocrx_word' id='word_1_4' title='bbox 668 579 808 649; x_wconf 78' lang='lat' dir='ltr'>novatur,</span> 
     </span>
    </p>

    <p class='ocr_par' dir='ltr' id='par_1_3' title="bbox 316 666 1439 1188">
     <span class='ocr_line' id='line_1_3' title="bbox 406 666 1350 743; baseline -0.001 -18"><span class='ocrx_word' id='word_1_5' title='bbox 406 666 482 726; x_wconf 78' lang='lat' dir='ltr'>Cum</span> <span class='ocrx_word' id='word_1_6' title='bbox 505 686 617 726; x_wconf 89' lang='lat' dir='ltr'>memor</span> <span class='ocrx_word' id='word_1_7' title='bbox 641 670 709 726; x_wconf 90' lang='lat' dir='ltr'>ante</span> <span class='ocrx_word' id='word_1_8' title='bbox 733 669 815 726; x_wconf 90' lang='lat' dir='ltr'>actos</span> <span class='ocrx_word' id='word_1_9' title='bbox 839 686 954 743; x_wconf 88' lang='lat' dir='ltr'>semper</span> <span class='ocrx_word' id='word_1_10' title='bbox 977 667 1063 726; x_wconf 92' lang='lat' dir='ltr'>dolor</span> <span class='ocrx_word' id='word_1_11' title='bbox 1085 667 1225 725; x_wconf 86' lang='lat' dir='ltr'>admonet</span> <span class='ocrx_word' id='word_1_12' title='bbox 1248 685 1350 739; x_wconf 87' lang='lat' dir='ltr'>annos,</span> 
     </span>
     <span class='ocr_line' id='line_1_4' title="bbox 316 756 1439 834; baseline -0.001 -19"><span class='ocrx_word' id='word_1_13' title='bbox 316 776 413 831; x_wconf 89' lang='lat' dir='ltr'>neque</span> <span class='ocrx_word' id='word_1_14' title='bbox 441 757 614 834; x_wconf 79' lang='lat' dir='ltr'>languidius</span> <span class='ocrx_word' id='word_1_15' title='bbox 646 757 838 833; x_wconf 87' lang='lat' dir='ltr'>ieiuniusque</span> <span class='ocrx_word' id='word_1_16' title='bbox 869 756 949 816; x_wconf 87' lang='lat' dir='ltr'>dicta</span> <span class='ocrx_word' id='word_1_17' title='bbox 973 759 1034 827; x_wconf 87' lang='lat' dir='ltr'>est,</span> <span class='ocrx_word' id='word_1_18' title='bbox 1068 775 1160 832; x_wconf 88' lang='lat' dir='ltr'>quam</span> <span class='ocrx_word' id='word_1_19' title='bbox 1187 774 1241 831; x_wconf 90' lang='lat' dir='ltr'>pro</span> <span class='ocrx_word' id='word_1_20' title='bbox 1265 756 1439 833; x_wconf 82' lang='lat' dir='ltr'>panegyrici</span> 
     </span>
     <span class='ocr_line' id='line_1_5' title="bbox 318 845 1438 924; baseline 0 -20"><span class='ocrx_word' id='word_1_21' title='bbox 318 845 449 905; x_wconf 88' lang='lat' dir='ltr'>auctoris</span> <span class='ocrx_word' id='word_1_22' title='bbox 483 846 625 924; x_wconf 88' lang='lat' dir='ltr'>ingenio,</span> <span class='ocrx_word' id='word_1_23' title='bbox 663 849 692 905; x_wconf 89' lang='lat' dir='ltr'>et</span> <span class='ocrx_word' id='word_1_24' title='bbox 726 846 877 922; x_wconf 86' lang='lat' dir='ltr'>scriptura</span> <span class='ocrx_word' id='word_1_25' title='bbox 914 845 1061 920; x_wconf 85' lang='lat' dir='ltr'>„accitos“</span> <span class='ocrx_word' id='word_1_26' title='bbox 1102 845 1189 904; x_wconf 88' lang='lat' dir='ltr'>facile</span> <span class='ocrx_word' id='word_1_27' title='bbox 1223 864 1259 903; x_wconf 83' lang='lat' dir='ltr'>ex</span> <span class='ocrx_word' id='word_1_28' title='bbox 1293 847 1438 904; x_wconf 89' lang='lat' dir='ltr'>vocabulo</span> 
     </span>
     <span class='ocr_line' id='line_1_6' title="bbox 320 933 1439 1012; baseline -0.002 -18"><span class='ocrx_word' id='word_1_29' title='bbox 320 937 440 1010; x_wconf 61' lang='grc' dir='ltr'>,50105ιι</span> <span class='ocrx_word' id='word_1_30' title='bbox 466 935 568 1011; x_wconf 92' lang='lat' dir='ltr'>potuit</span> <span class='ocrx_word' id='word_1_31' title='bbox 591 935 710 1012; x_wconf 82' lang='lat' dir='ltr'>corrigi,</span> <span class='ocrx_word' id='word_1_32' title='bbox 734 936 778 994; x_wconf 88' lang='lat' dir='ltr'>ita</span> <span class='ocrx_word' id='word_1_33' title='bbox 802 941 839 994; x_wconf 92' lang='lat' dir='ltr'>ut</span> <span class='ocrx_word' id='word_1_34' title='bbox 854 935 936 994; x_wconf 91' lang='lat' dir='ltr'>ultro</span> <span class='ocrx_word' id='word_1_35' title='bbox 949 937 1056 994; x_wconf 86' lang='lat' dir='ltr'>subeat</span> <span class='ocrx_word' id='word_1_36' title='bbox 1075 934 1230 1010; x_wconf 87' lang='lat' dir='ltr'>suspicari,</span> <span class='ocrx_word' id='word_1_37' title='bbox 1257 933 1439 1009; x_wconf 72' lang='lat' dir='ltr'>particulam</span> 
     </span>
     <span class='ocr_line' id='line_1_7' title="bbox 320 1024 1438 1100; baseline -0.001 -16"><span class='ocrx_word' id='word_1_38' title='bbox 320 1026 427 1100; x_wconf 85' lang='lat' dir='ltr'>„ante“</span> <span class='ocrx_word' id='word_1_39' title='bbox 446 1025 477 1082; x_wconf 92' lang='lat' dir='ltr'>in</span> <span class='ocrx_word' id='word_1_40' title='bbox 494 1024 592 1084; x_wconf 89' lang='lat' dir='ltr'>eodice</span> <span class='ocrx_word' id='word_1_41' title='bbox 609 1025 738 1100; x_wconf 90' lang='lat' dir='ltr'>quodam</span> <span class='ocrx_word' id='word_1_42' title='bbox 755 1027 825 1084; x_wconf 89' lang='lat' dir='ltr'>ante</span> <span class='ocrx_word' id='word_1_43' title='bbox 841 1044 943 1084; x_wconf 87' lang='lat' dir='ltr'>vocem</span> <span class='ocrx_word' id='word_1_44' title='bbox 961 1028 1083 1099; x_wconf 87' lang='lat' dir='ltr'>„actos“</span> <span class='ocrx_word' id='word_1_45' title='bbox 1110 1024 1251 1083; x_wconf 80' lang='lat' dir='ltr'>excidisse</span> <span class='ocrx_word' id='word_1_46' title='bbox 1274 1027 1438 1100; x_wconf 88' lang='lat' dir='ltr'>posteaque</span> 
     </span>
     <span class='ocr_line' id='line_1_8' title="bbox 316 1113 1318 1188; baseline -0.003 -16"><span class='ocrx_word' id='word_1_47' title='bbox 316 1115 391 1173; x_wconf 88' lang='lat' dir='ltr'>hano</span> <span class='ocrx_word' id='word_1_48' title='bbox 414 1115 503 1174; x_wconf 87' lang='lat' dir='ltr'>metri</span> <span class='ocrx_word' id='word_1_49' title='bbox 527 1133 620 1173; x_wconf 86' lang='lat' dir='ltr'>causa</span> <span class='ocrx_word' id='word_1_50' title='bbox 643 1114 674 1172; x_wconf 93' lang='lat' dir='ltr'>in</span> <span class='ocrx_word' id='word_1_51' title='bbox 701 1114 849 1188; x_wconf 86' lang='lat' dir='ltr'>,accitos“</span> <span class='ocrx_word' id='word_1_52' title='bbox 877 1114 952 1172; x_wconf 91' lang='lat' dir='ltr'>illud</span> <span class='ocrx_word' id='word_1_53' title='bbox 977 1133 1039 1172; x_wconf 87' lang='lat' dir='ltr'>esse</span> <span class='ocrx_word' id='word_1_54' title='bbox 1061 1113 1318 1172; x_wconf 73' lang='lat' dir='ltr'>transformatam.</span> 
     </span>
    </p>

    <p class='ocr_par' dir='ltr' id='par_1_4' title="bbox 317 1202 1439 1460">
     <span class='ocr_line' id='line_1_9' title="bbox 405 1202 1439 1280; baseline 0.001 -19"><span class='ocrx_word' id='word_1_55' title='bbox 405 1203 459 1275; x_wconf 83' lang='lat' dir='ltr'>IV,</span> <span class='ocrx_word' id='word_1_56' title='bbox 488 1209 519 1274; x_wconf 89' lang='lat'>1,</span> <span class='ocrx_word' id='word_1_57' title='bbox 546 1209 609 1266; x_wconf 85' lang='lat'>210</span> <span class='ocrx_word' id='word_1_58' title='bbox 634 1203 676 1261; x_wconf 80' lang='lat' dir='ltr'>F:</span> <span class='ocrx_word' id='word_1_59' title='bbox 709 1204 974 1280; x_wconf 73' lang='lat' dir='ltr'>Quandocumque,</span> <span class='ocrx_word' id='word_1_60' title='bbox 1010 1202 1120 1262; x_wconf 85' lang='lat' dir='ltr'>ceteri:</span> <span class='ocrx_word' id='word_1_61' title='bbox 1157 1202 1193 1260; x_wconf 94' lang='lat' dir='ltr'>In</span> <span class='ocrx_word' id='word_1_62' title='bbox 1227 1221 1439 1278; x_wconf 86' lang='lat' dir='ltr'>quemcunque</span> 
     </span>
     <span class='ocr_line' id='line_1_10' title="bbox 318 1291 1438 1370; baseline -0.002 -20"><span class='ocrx_word' id='word_1_63' title='bbox 318 1292 465 1352; x_wconf 89' lang='lat' dir='ltr'>hominem</span> <span class='ocrx_word' id='word_1_64' title='bbox 493 1313 540 1351; x_wconf 88' lang='lat' dir='ltr'>me</span> <span class='ocrx_word' id='word_1_65' title='bbox 563 1293 653 1370; x_wconf 86' lang='lat' dir='ltr'>longa</span> <span class='ocrx_word' id='word_1_66' title='bbox 675 1293 822 1368; x_wconf 88' lang='lat' dir='ltr'>receperit</span> <span class='ocrx_word' id='word_1_67' title='bbox 845 1296 935 1355; x_wconf 77' lang='lat' dir='ltr'>aetas,</span> <span class='ocrx_word' id='word_1_68' title='bbox 974 1292 1020 1351; x_wconf 86' lang='lat' dir='ltr'>Ne</span> <span class='ocrx_word' id='word_1_69' title='bbox 1043 1293 1099 1351; x_wconf 89' lang='lat' dir='ltr'>hoe</span> <span class='ocrx_word' id='word_1_70' title='bbox 1123 1291 1246 1367; x_wconf 91' lang='lat' dir='ltr'>quidem</span> <span class='ocrx_word' id='word_1_71' title='bbox 1269 1291 1333 1350; x_wconf 92' lang='lat' dir='ltr'>loco</span> <span class='ocrx_word' id='word_1_72' title='bbox 1357 1291 1438 1369; x_wconf 87' lang='lat' dir='ltr'>frag-</span> 
     </span>
     <span class='ocr_line' id='line_1_11' title="bbox 317 1375 1437 1460; baseline 0 -21"><span class='ocrx_word' id='word_1_73' title='bbox 317 1382 411 1441; x_wconf 89' lang='lat' dir='ltr'>menti</span> <span class='ocrx_word' id='word_1_74' title='bbox 434 1383 615 1457; x_wconf 72' lang='lat' dir='ltr'>scripturam</span> <span class='ocrx_word' id='word_1_75' title='bbox 638 1382 703 1441; x_wconf 92' lang='lat' dir='ltr'>iure</span> <span class='ocrx_word' id='word_1_76' title='bbox 716 1375 744 1440; x_wconf 61' lang='lat' dir='ltr'>va</span> <span class='ocrx_word' id='word_1_77' title='bbox 766 1382 939 1460; x_wconf 85' lang='lat' dir='ltr'>panegyrici</span> <span class='ocrx_word' id='word_1_78' title='bbox 963 1386 1086 1441; x_wconf 90' lang='lat' dir='ltr'>auctore</span> <span class='ocrx_word' id='word_1_79' title='bbox 1101 1381 1268 1440; x_wconf 87' lang='lat' dir='ltr'>abiudicari</span> <span class='ocrx_word' id='word_1_80' title='bbox 1291 1380 1437 1440; x_wconf 80' lang='lat' dir='ltr'>existimo.</span> 
     </span>
    </p>
   </div>
   <div class='ocr_carea' id='block_1_3' title="bbox 196 1469 1438 1546">
    <p class='ocr_par' dir='ltr' id='par_1_5' title="bbox 196 1469 1438 1546">
     <span class='ocr_line' id='line_1_12' title="bbox 196 1469 1438 1546; baseline 0 -17"><span class='ocrx_word' id='word_1_81' title='bbox 196 1477 199 1482; x_wconf 89' lang='lat'>&#39;</span> <span class='ocrx_word' id='word_1_82' title='bbox 317 1469 403 1540; x_wconf 80' lang='lat' dir='ltr'>Quod</span> <span class='ocrx_word' id='word_1_83' title='bbox 419 1471 497 1531; x_wconf 91' lang='lat' dir='ltr'>enim</span> <span class='ocrx_word' id='word_1_84' title='bbox 512 1470 710 1534; x_wconf 88' lang='lat' dir='ltr'>Baehrensius</span> <span class='ocrx_word' id='word_1_85' title='bbox 733 1472 753 1535; x_wconf 87' lang='lat' dir='ltr'>l.</span> <span class='ocrx_word' id='word_1_86' title='bbox 770 1472 790 1536; x_wconf 84' lang='lat' dir='ltr'>l,</span> <span class='ocrx_word' id='word_1_87' title='bbox 815 1472 844 1530; x_wconf 92' lang='lat' dir='ltr'>in</span> <span class='ocrx_word' id='word_1_88' title='bbox 862 1471 1014 1530; x_wconf 83' lang='lat' dir='ltr'>Guiaciani</span> <span class='ocrx_word' id='word_1_89' title='bbox 1031 1470 1183 1546; x_wconf 87' lang='lat' dir='ltr'>scriptura</span> <span class='ocrx_word' id='word_1_90' title='bbox 1205 1489 1268 1530; x_wconf 87' lang='lat' dir='ltr'>sese</span> <span class='ocrx_word' id='word_1_91' title='bbox 1292 1471 1438 1529; x_wconf 85' lang='lat' dir='ltr'>offendere</span> 
     </span>
    </p>
   </div>
   <div class='ocr_carea' id='block_1_4' title="bbox 315 1559 1437 2529">
    <p class='ocr_par' dir='ltr' id='par_1_6' title="bbox 315 1559 1437 2529">
     <span class='ocr_line' id='line_1_13' title="bbox 316 1559 1436 1638; baseline 0 -20"><span class='ocrx_word' id='word_1_92' title='bbox 316 1559 408 1634; x_wconf 88' lang='lat' dir='ltr'>dicit,</span> <span class='ocrx_word' id='word_1_93' title='bbox 440 1561 471 1618; x_wconf 92' lang='lat' dir='ltr'>id</span> <span class='ocrx_word' id='word_1_94' title='bbox 505 1561 604 1621; x_wconf 86' lang='lat' dir='ltr'>neseio</span> <span class='ocrx_word' id='word_1_95' title='bbox 636 1581 673 1619; x_wconf 91' lang='lat' dir='ltr'>an</span> <span class='ocrx_word' id='word_1_96' title='bbox 697 1561 832 1620; x_wconf 86' lang='lat' dir='ltr'>excusari</span> <span class='ocrx_word' id='word_1_97' title='bbox 855 1561 958 1636; x_wconf 90' lang='lat' dir='ltr'>possit.</span> <span class='ocrx_word' id='word_1_98' title='bbox 1006 1560 1112 1638; x_wconf 87' lang='lat' dir='ltr'>Longa</span> <span class='ocrx_word' id='word_1_99' title='bbox 1146 1563 1226 1619; x_wconf 87' lang='lat' dir='ltr'>certe</span> <span class='ocrx_word' id='word_1_100' title='bbox 1256 1560 1310 1618; x_wconf 89' lang='lat' dir='ltr'>illa</span> <span class='ocrx_word' id='word_1_101' title='bbox 1345 1563 1436 1633; x_wconf 87' lang='lat' dir='ltr'>aetas,</span> 
     </span>
     <span class='ocr_line' id='line_1_14' title="bbox 316 1645 1437 1727; baseline -0.003 -18"><span class='ocrx_word' id='word_1_102' title='bbox 316 1665 408 1724; x_wconf 85' lang='lat' dir='ltr'>quam</span> <span class='ocrx_word' id='word_1_103' title='bbox 431 1652 520 1726; x_wconf 88' lang='lat' dir='ltr'>poeta</span> <span class='ocrx_word' id='word_1_104' title='bbox 543 1653 693 1721; x_wconf 90' lang='lat' dir='ltr'>autumat,</span> <span class='ocrx_word' id='word_1_105' title='bbox 718 1650 791 1710; x_wconf 90' lang='lat' dir='ltr'>item</span> <span class='ocrx_word' id='word_1_106' title='bbox 815 1645 907 1726; x_wconf 87' lang='lat' dir='ltr'>atque</span> <span class='ocrx_word' id='word_1_107' title='bbox 931 1650 1004 1710; x_wconf 89' lang='lat' dir='ltr'>alias</span> <span class='ocrx_word' id='word_1_108' title='bbox 1030 1651 1173 1727; x_wconf 89' lang='lat' dir='ltr'>„longum</span> <span class='ocrx_word' id='word_1_109' title='bbox 1189 1653 1316 1708; x_wconf 82' lang='lat' dir='ltr'>aevum“</span> <span class='ocrx_word' id='word_1_110' title='bbox 1331 1649 1392 1708; x_wconf 85' lang='lat' dir='ltr'>¹vel</span> <span class='ocrx_word' id='word_1_111' title='bbox 1406 1649 1437 1707; x_wconf 94' lang='lat' dir='ltr'>in</span> 
     </span>
     <span class='ocr_line' id='line_1_15' title="bbox 316 1738 1437 1817; baseline 0 -20"><span class='ocrx_word' id='word_1_112' title='bbox 316 1758 406 1798; x_wconf 82' lang='lat' dir='ltr'>versu</span> <span class='ocrx_word' id='word_1_113' title='bbox 429 1739 585 1799; x_wconf 88' lang='lat' dir='ltr'>undecimo</span> <span class='ocrx_word' id='word_1_114' title='bbox 608 1740 699 1799; x_wconf 90' lang='lat' dir='ltr'>huius</span> <span class='ocrx_word' id='word_1_115' title='bbox 723 1740 862 1799; x_wconf 86' lang='lat' dir='ltr'>carminis</span> <span class='ocrx_word' id='word_1_116' title='bbox 897 1740 1033 1817; x_wconf 86' lang='lat' dir='ltr'>„longior</span> <span class='ocrx_word' id='word_1_117' title='bbox 1057 1742 1158 1798; x_wconf 65' lang='grc' dir='ltr'>50155α</span> <span class='ocrx_word' id='word_1_118' title='bbox 1192 1740 1228 1798; x_wconf 90' lang='lat' dir='ltr'>de</span> <span class='ocrx_word' id='word_1_119' title='bbox 1251 1738 1437 1814; x_wconf 76' lang='lat' dir='ltr'>temporibus</span> 
     </span>
     <span class='ocr_line' id='line_1_16' title="bbox 315 1827 1435 1904; baseline 0.001 -19"><span class='ocrx_word' id='word_1_120' title='bbox 315 1827 430 1888; x_wconf 88' lang='lat' dir='ltr'>futuris</span> <span class='ocrx_word' id='word_1_121' title='bbox 461 1832 598 1902; x_wconf 88' lang='lat' dir='ltr'>tantum,</span> <span class='ocrx_word' id='word_1_122' title='bbox 634 1829 671 1888; x_wconf 89' lang='lat' dir='ltr'>de</span> <span class='ocrx_word' id='word_1_123' title='bbox 706 1831 805 1889; x_wconf 89' lang='lat' dir='ltr'>aetate</span> <span class='ocrx_word' id='word_1_124' title='bbox 839 1829 999 1888; x_wconf 86' lang='lat' dir='ltr'>remotiore</span> <span class='ocrx_word' id='word_1_125' title='bbox 1032 1832 1181 1904; x_wconf 90' lang='lat' dir='ltr'>usurpata</span> <span class='ocrx_word' id='word_1_126' title='bbox 1211 1847 1274 1888; x_wconf 88' lang='lat' dir='ltr'>esse</span> <span class='ocrx_word' id='word_1_127' title='bbox 1304 1828 1435 1898; x_wconf 84' lang='lat' dir='ltr'>videtur,</span> 
     </span>
     <span class='ocr_line' id='line_1_17' title="bbox 316 1916 1437 1993; baseline -0.001 -17"><span class='ocrx_word' id='word_1_128' title='bbox 316 1937 412 1993; x_wconf 89' lang='lat' dir='ltr'>neque</span> <span class='ocrx_word' id='word_1_129' title='bbox 435 1919 467 1976; x_wconf 93' lang='lat' dir='ltr'>in</span> <span class='ocrx_word' id='word_1_130' title='bbox 491 1919 546 1978; x_wconf 88' lang='lat' dir='ltr'>hac</span> <span class='ocrx_word' id='word_1_131' title='bbox 568 1919 719 1977; x_wconf 88' lang='lat' dir='ltr'>versione:</span> <span class='ocrx_word' id='word_1_132' title='bbox 756 1917 875 1992; x_wconf 86' lang='lat' dir='ltr'>,Wann</span> <span class='ocrx_word' id='word_1_133' title='bbox 906 1916 1012 1978; x_wconf 86' lang='lat' dir='ltr'>immor</span> <span class='ocrx_word' id='word_1_134' title='bbox 1044 1919 1092 1976; x_wconf 91' lang='lat' dir='ltr'>die</span> <span class='ocrx_word' id='word_1_135' title='bbox 1123 1919 1206 1976; x_wconf 88' lang='lat' dir='ltr'>ferne</span> <span class='ocrx_word' id='word_1_136' title='bbox 1228 1917 1357 1976; x_wconf 86' lang='lat' dir='ltr'>zukunft</span> <span class='ocrx_word' id='word_1_137' title='bbox 1380 1918 1437 1975; x_wconf 92' lang='lat' dir='ltr'>mir</span> 
     </span>
     <span class='ocr_line' id='line_1_18' title="bbox 316 2006 1436 2084; baseline -0.002 -19"><span class='ocrx_word' id='word_1_138' title='bbox 316 2007 426 2066; x_wconf 82' lang='lat' dir='ltr'>wieder</span> <span class='ocrx_word' id='word_1_139' title='bbox 456 2008 727 2084; x_wconf 88' lang='lat' dir='ltr'>menschengestalt</span> <span class='ocrx_word' id='word_1_140' title='bbox 758 2008 909 2068; x_wconf 86' lang='lat' dir='ltr'>verleihen</span> <span class='ocrx_word' id='word_1_141' title='bbox 932 2008 1027 2066; x_wconf 85' lang='lat' dir='ltr'>wird“</span> <span class='ocrx_word' id='word_1_142' title='bbox 1060 2007 1226 2084; x_wconf 89' lang='lat' dir='ltr'>quidquam</span> <span class='ocrx_word' id='word_1_143' title='bbox 1256 2007 1368 2082; x_wconf 88' lang='lat' dir='ltr'>poteris</span> <span class='ocrx_word' id='word_1_144' title='bbox 1392 2006 1436 2065; x_wconf 83' lang='lat' dir='ltr'>cf-</span> 
     </span>
     <span class='ocr_line' id='line_1_19' title="bbox 317 2096 1436 2171; baseline 0.002 -19"><span class='ocrx_word' id='word_1_145' title='bbox 317 2096 446 2155; x_wconf 87' lang='lat' dir='ltr'>fendere.</span> <span class='ocrx_word' id='word_1_146' title='bbox 502 2096 664 2156; x_wconf 85' lang='lat' dir='ltr'>Baehrensi</span> <span class='ocrx_word' id='word_1_147' title='bbox 696 2097 898 2156; x_wconf 87' lang='lat' dir='ltr'>coniecturam</span> <span class='ocrx_word' id='word_1_148' title='bbox 933 2096 1031 2171; x_wconf 86' lang='lat' dir='ltr'>„Seu“</span> <span class='ocrx_word' id='word_1_149' title='bbox 1064 2098 1131 2156; x_wconf 90' lang='lat' dir='ltr'>ideo</span> <span class='ocrx_word' id='word_1_150' title='bbox 1163 2096 1343 2156; x_wconf 89' lang='lat' dir='ltr'>reiciendam</span> <span class='ocrx_word' id='word_1_151' title='bbox 1374 2115 1436 2156; x_wconf 88' lang='lat' dir='ltr'>esse</span> 
     </span>
     <span class='ocr_line' id='line_1_20' title="bbox 316 2186 1436 2262; baseline -0.001 -18"><span class='ocrx_word' id='word_1_152' title='bbox 316 2204 429 2257; x_wconf 88' lang='lat' dir='ltr'>censeo,</span> <span class='ocrx_word' id='word_1_153' title='bbox 454 2187 535 2261; x_wconf 92' lang='lat' dir='ltr'>quod</span> <span class='ocrx_word' id='word_1_154' title='bbox 559 2206 628 2245; x_wconf 90' lang='lat' dir='ltr'>cum</span> <span class='ocrx_word' id='word_1_155' title='bbox 650 2187 681 2244; x_wconf 94' lang='lat' dir='ltr'>in</span> <span class='ocrx_word' id='word_1_156' title='bbox 705 2187 949 2247; x_wconf 87' lang='lat' dir='ltr'>antecedentibus</span> <span class='ocrx_word' id='word_1_157' title='bbox 975 2186 1109 2246; x_wconf 87' lang='lat' dir='ltr'>versibus</span> <span class='ocrx_word' id='word_1_158' title='bbox 1126 2190 1301 2250; x_wconf 81' lang='lat'>207—209</span> <span class='ocrx_word' id='word_1_159' title='bbox 1317 2188 1436 2262; x_wconf 88' lang='lat' dir='ltr'>tempus</span> 
     </span>
     <span class='ocr_line' id='line_1_21' title="bbox 315 2271 1437 2354; baseline 0.002 -22"><span class='ocrx_word' id='word_1_160' title='bbox 315 2275 455 2334; x_wconf 85' lang='lat' dir='ltr'>futurum</span> <span class='ocrx_word' id='word_1_161' title='bbox 492 2279 574 2335; x_wconf 86' lang='lat' dir='ltr'>extet</span> <span class='ocrx_word' id='word_1_162' title='bbox 608 2275 814 2353; x_wconf 81' lang='lat' dir='ltr'>(Seu-finget,</span> <span class='ocrx_word' id='word_1_163' title='bbox 839 2271 1055 2354; x_wconf 82' lang='lat' dir='ltr'>Sive-vehar),</span> <span class='ocrx_word' id='word_1_164' title='bbox 1091 2277 1147 2334; x_wconf 89' lang='lat' dir='ltr'>hoo</span> <span class='ocrx_word' id='word_1_165' title='bbox 1177 2293 1268 2334; x_wconf 84' lang='lat' dir='ltr'>versu</span> <span class='ocrx_word' id='word_1_166' title='bbox 1296 2275 1437 2334; x_wconf 89' lang='lat' dir='ltr'>futurum</span> 
     </span>
     <span class='ocr_line' id='line_1_22' title="bbox 317 2364 1437 2442; baseline 0 -19"><span class='ocrx_word' id='word_1_167' title='bbox 317 2368 454 2423; x_wconf 87' lang='lat' dir='ltr'>exactum</span> <span class='ocrx_word' id='word_1_168' title='bbox 477 2365 650 2427; x_wconf 87' lang='lat' dir='ltr'>revertitur.</span> <span class='ocrx_word' id='word_1_169' title='bbox 697 2365 794 2442; x_wconf 89' lang='lat' dir='ltr'>Magis</span> <span class='ocrx_word' id='word_1_170' title='bbox 826 2366 926 2442; x_wconf 87' lang='lat' dir='ltr'>placet</span> <span class='ocrx_word' id='word_1_171' title='bbox 957 2366 1037 2441; x_wconf 87' lang='lat' dir='ltr'>quod</span> <span class='ocrx_word' id='word_1_172' title='bbox 1060 2364 1139 2424; x_wconf 87' lang='lat' dir='ltr'>idem</span> <span class='ocrx_word' id='word_1_173' title='bbox 1169 2364 1217 2423; x_wconf 87' lang='lat' dir='ltr'>vir</span> <span class='ocrx_word' id='word_1_174' title='bbox 1239 2365 1345 2424; x_wconf 81' lang='lat' dir='ltr'>doctus</span> <span class='ocrx_word' id='word_1_175' title='bbox 1368 2383 1437 2440; x_wconf 89' lang='lat' dir='ltr'>pro-</span> 
     </span>
     <span class='ocr_line' id='line_1_23' title="bbox 316 2453 1436 2529; baseline -0.001 -16"><span class='ocrx_word' id='word_1_176' title='bbox 316 2453 418 2529; x_wconf 87' lang='lat' dir='ltr'>posuit</span> <span class='ocrx_word' id='word_1_177' title='bbox 444 2453 558 2528; x_wconf 82' lang='lat' dir='ltr'>„Oum“</span> <span class='ocrx_word' id='word_1_178' title='bbox 584 2455 633 2513; x_wconf 87' lang='lat' dir='ltr'>vel</span> <span class='ocrx_word' id='word_1_179' title='bbox 659 2454 758 2529; x_wconf 86' lang='lat' dir='ltr'>„Ut“;</span> <span class='ocrx_word' id='word_1_180' title='bbox 791 2456 843 2514; x_wconf 91' lang='lat' dir='ltr'>sed</span> <span class='ocrx_word' id='word_1_181' title='bbox 865 2455 1033 2514; x_wconf 86' lang='lat' dir='ltr'>mutatione</span> <span class='ocrx_word' id='word_1_182' title='bbox 1057 2455 1176 2514; x_wconf 90' lang='lat' dir='ltr'>omnino</span> <span class='ocrx_word' id='word_1_183' title='bbox 1201 2471 1275 2529; x_wconf 90' lang='lat' dir='ltr'>opus</span> <span class='ocrx_word' id='word_1_184' title='bbox 1298 2473 1358 2513; x_wconf 92' lang='lat' dir='ltr'>non</span> <span class='ocrx_word' id='word_1_185' title='bbox 1381 2456 1436 2512; x_wconf 88' lang='lat' dir='ltr'>est.</span> 
     </span>
    </p>
   </div>
   <div class='ocr_carea' id='block_1_5' title="bbox 314 2559 1438 3622">
    <p class='ocr_par' dir='ltr' id='par_1_7' title="bbox 406 2559 1436 2638">
     <span class='ocr_line' id='line_1_24' title="bbox 406 2559 1436 2638; baseline 0.001 -21"><span class='ocrx_word' id='word_1_186' title='bbox 406 2560 459 2632; x_wconf 88' lang='lat' dir='ltr'>IV,</span> <span class='ocrx_word' id='word_1_187' title='bbox 488 2566 514 2632; x_wconf 91' lang='lat' dir='ltr'>l,</span> <span class='ocrx_word' id='word_1_188' title='bbox 541 2565 581 2624; x_wconf 93' lang='grc'>55</span> <span class='ocrx_word' id='word_1_189' title='bbox 606 2561 647 2620; x_wconf 83' lang='lat' dir='ltr'>F:</span> <span class='ocrx_word' id='word_1_190' title='bbox 670 2561 769 2622; x_wconf 88' lang='lat' dir='ltr'>lothos</span> <span class='ocrx_word' id='word_1_191' title='bbox 785 2565 899 2638; x_wconf 88' lang='lat' dir='ltr'>captos,</span> <span class='ocrx_word' id='word_1_192' title='bbox 924 2561 1033 2622; x_wconf 87' lang='lat' dir='ltr'>ceteri:</span> <span class='ocrx_word' id='word_1_193' title='bbox 1058 2562 1178 2638; x_wconf 86' lang='lat' dir='ltr'>cyclops</span> <span class='ocrx_word' id='word_1_194' title='bbox 1200 2563 1330 2637; x_wconf 88' lang='lat' dir='ltr'>tempus.</span> <span class='ocrx_word' id='word_1_195' title='bbox 1365 2559 1436 2618; x_wconf 80' lang='lat' dir='ltr'>Edi·</span> 
     </span>
    </p>

    <p class='ocr_par' dir='ltr' id='par_1_8' title="bbox 317 2649 878 2710">
     <span class='ocr_line' id='line_1_25' title="bbox 317 2649 878 2710; baseline -0.002 -1"><span class='ocrx_word' id='word_1_196' title='bbox 317 2653 397 2710; x_wconf 89' lang='lat' dir='ltr'>tores</span> <span class='ocrx_word' id='word_1_197' title='bbox 421 2649 573 2710; x_wconf 89' lang='lat' dir='ltr'>scribunt:</span> <span class='ocrx_word' id='word_1_198' title='bbox 868 2687 878 2690; x_wconf 62' lang='lat'>›-</span> 
     </span>
    </p>

    <p class='ocr_par' dir='ltr' id='par_1_9' title="bbox 316 2739 1438 3264">
     <span class='ocr_line' id='line_1_26' title="bbox 513 2739 1242 2816; baseline 0.008 -18"><span class='ocrx_word' id='word_1_199' title='bbox 513 2739 577 2800; x_wconf 86' lang='lat' dir='ltr'>Nec</span> <span class='ocrx_word' id='word_1_200' title='bbox 600 2740 699 2799; x_wconf 88' lang='lat' dir='ltr'>valuit</span> <span class='ocrx_word' id='word_1_201' title='bbox 721 2740 799 2800; x_wconf 89' lang='lat' dir='ltr'>lotos</span> <span class='ocrx_word' id='word_1_202' title='bbox 823 2743 943 2816; x_wconf 88' lang='lat' dir='ltr'>coeptos</span> <span class='ocrx_word' id='word_1_203' title='bbox 967 2742 1103 2800; x_wconf 88' lang='lat' dir='ltr'>avertere</span> <span class='ocrx_word' id='word_1_204' title='bbox 1126 2758 1242 2804; x_wconf 84' lang='lat' dir='ltr'>cursus</span> 
     </span>
     <span class='ocr_line' id='line_1_27' title="bbox 317 2824 1438 2912; baseline -0.001 -25"><span class='ocrx_word' id='word_1_205' title='bbox 317 2827 374 2888; x_wconf 87' lang='lat' dir='ltr'>Sed</span> <span class='ocrx_word' id='word_1_206' title='bbox 389 2848 448 2888; x_wconf 82' lang='lat' dir='ltr'>vox</span> <span class='ocrx_word' id='word_1_207' title='bbox 463 2848 540 2905; x_wconf 87' lang='lat' dir='ltr'>qnae</span> <span class='ocrx_word' id='word_1_208' title='bbox 557 2833 602 2888; x_wconf 86' lang='lat' dir='ltr'>est</span> <span class='ocrx_word' id='word_1_209' title='bbox 629 2832 769 2905; x_wconf 84' lang='lat' dir='ltr'>„capt0s“</span> <span class='ocrx_word' id='word_1_210' title='bbox 797 2830 909 2906; x_wconf 88' lang='lat' dir='ltr'>optime</span> <span class='ocrx_word' id='word_1_211' title='bbox 932 2830 963 2887; x_wconf 93' lang='lat' dir='ltr'>in</span> <span class='ocrx_word' id='word_1_212' title='bbox 985 2831 1066 2890; x_wconf 80' lang='lat' dir='ltr'>viros</span> <span class='ocrx_word' id='word_1_213' title='bbox 1089 2830 1145 2888; x_wconf 91' lang='lat' dir='ltr'>loti</span> <span class='ocrx_word' id='word_1_214' title='bbox 1161 2824 1307 2912; x_wconf 79' lang='grc' dir='ltr'><em>μελιηδεῖ</em></span> <span class='ocrx_word' id='word_1_215' title='bbox 1320 2825 1438 2911; x_wconf 73' lang='grc' dir='ltr'><em>καρπῷ</em></span> 
     </span>
     <span class='ocr_line' id='line_1_28' title="bbox 316 2919 1436 2994; baseline -0.001 -18"><span class='ocrx_word' id='word_1_216' title='bbox 316 2919 478 2992; x_wconf 82' lang='lat' dir='ltr'>retentos1)</span> <span class='ocrx_word' id='word_1_217' title='bbox 504 2919 651 2994; x_wconf 87' lang='lat' dir='ltr'>quadrare</span> <span class='ocrx_word' id='word_1_218' title='bbox 675 2919 804 2993; x_wconf 88' lang='lat' dir='ltr'>videtur,</span> <span class='ocrx_word' id='word_1_219' title='bbox 830 2923 866 2978; x_wconf 93' lang='lat' dir='ltr'>ut</span> <span class='ocrx_word' id='word_1_220' title='bbox 889 2940 954 2978; x_wconf 90' lang='lat' dir='ltr'>eam</span> <span class='ocrx_word' id='word_1_221' title='bbox 977 2919 1008 2977; x_wconf 93' lang='lat' dir='ltr'>in</span> <span class='ocrx_word' id='word_1_222' title='bbox 1031 2919 1236 2981; x_wconf 83' lang='lat' dir='ltr'>vetustissimo</span> <span class='ocrx_word' id='word_1_223' title='bbox 1253 2919 1353 2980; x_wconf 87' lang='lat' dir='ltr'>codice</span> <span class='ocrx_word' id='word_1_224' title='bbox 1370 2938 1436 2978; x_wconf 87' lang='lat' dir='ltr'>exa·</span> 
     </span>
     <span class='ocr_line' id='line_1_29' title="bbox 316 3007 1437 3084; baseline 0 -18"><span class='ocrx_word' id='word_1_225' title='bbox 316 3010 413 3066; x_wconf 86' lang='lat' dir='ltr'>ratam</span> <span class='ocrx_word' id='word_1_226' title='bbox 437 3007 498 3066; x_wconf 87' lang='lat' dir='ltr'>sine</span> <span class='ocrx_word' id='word_1_227' title='bbox 522 3027 612 3067; x_wconf 87' lang='lat' dir='ltr'>causa</span> <span class='ocrx_word' id='word_1_228' title='bbox 636 3009 751 3068; x_wconf 85' lang='lat' dir='ltr'>abicere</span> <span class='ocrx_word' id='word_1_229' title='bbox 774 3028 834 3068; x_wconf 93' lang='lat' dir='ltr'>non</span> <span class='ocrx_word' id='word_1_230' title='bbox 857 3009 973 3081; x_wconf 86' lang='lat' dir='ltr'>ausim3</span> <span class='ocrx_word' id='word_1_231' title='bbox 998 3028 1052 3068; x_wconf 89' lang='lat' dir='ltr'>our</span> <span class='ocrx_word' id='word_1_232' title='bbox 1075 3028 1134 3066; x_wconf 92' lang='lat' dir='ltr'>non</span> <span class='ocrx_word' id='word_1_233' title='bbox 1157 3009 1232 3068; x_wconf 89' lang='lat' dir='ltr'>hanc</span> <span class='ocrx_word' id='word_1_234' title='bbox 1255 3008 1437 3084; x_wconf 88' lang='lat' dir='ltr'>scripturam</span> 
     </span>
     <span class='ocr_line' id='line_1_30' title="bbox 316 3097 620 3172; baseline -0.007 -16"><span class='ocrx_word' id='word_1_235' title='bbox 316 3097 417 3171; x_wconf 88' lang='lat' dir='ltr'>potius</span> <span class='ocrx_word' id='word_1_236' title='bbox 441 3097 620 3172; x_wconf 88' lang='lat' dir='ltr'>recipimus:</span> 
     </span>
     <span class='ocr_line' id='line_1_31' title="bbox 325 3181 1255 3264; baseline 0.003 -22"><span class='ocrx_word' id='word_1_237' title='bbox 325 3181 327 3184; x_wconf 66' lang='grc'>’</span> <span class='ocrx_word' id='word_1_238' title='bbox 502 3185 584 3260; x_wconf 85' lang='lat' dir='ltr'>„Nec</span> <span class='ocrx_word' id='word_1_239' title='bbox 606 3187 705 3246; x_wconf 84' lang='lat' dir='ltr'>valuit</span> <span class='ocrx_word' id='word_1_240' title='bbox 726 3187 806 3247; x_wconf 91' lang='lat' dir='ltr'>lotos</span> <span class='ocrx_word' id='word_1_241' title='bbox 830 3191 932 3264; x_wconf 85' lang='lat' dir='ltr'>captos</span> <span class='ocrx_word' id='word_1_242' title='bbox 956 3190 1092 3248; x_wconf 87' lang='lat' dir='ltr'>avertere</span> <span class='ocrx_word' id='word_1_243' title='bbox 1115 3191 1255 3248; x_wconf 79' lang='lat' dir='ltr'>cursu“‘?</span> 
     </span>
    </p>

    <p class='ocr_par' dir='ltr' id='par_1_10' title="bbox 314 3273 1438 3622">
     <span class='ocr_line' id='line_1_32' title="bbox 407 3273 1437 3353; baseline 0.006 -22"><span class='ocrx_word' id='word_1_244' title='bbox 407 3273 461 3346; x_wconf 90' lang='lat' dir='ltr'>IV,</span> <span class='ocrx_word' id='word_1_245' title='bbox 490 3280 517 3346; x_wconf 92' lang='lat'>1,</span> <span class='ocrx_word' id='word_1_246' title='bbox 546 3281 606 3339; x_wconf 83' lang='lat'>175</span> <span class='ocrx_word' id='word_1_247' title='bbox 631 3275 673 3334; x_wconf 83' lang='lat' dir='ltr'>F:</span> <span class='ocrx_word' id='word_1_248' title='bbox 704 3276 818 3351; x_wconf 82' lang='lat' dir='ltr'>ierint,</span> <span class='ocrx_word' id='word_1_249' title='bbox 842 3277 949 3337; x_wconf 89' lang='lat' dir='ltr'>ceteri:</span> <span class='ocrx_word' id='word_1_250' title='bbox 982 3279 1115 3353; x_wconf 87' lang='lat' dir='ltr'>poscent.</span> <span class='ocrx_word' id='word_1_251' title='bbox 1160 3277 1344 3337; x_wconf 88' lang='lat' dir='ltr'>Lachmanni</span> <span class='ocrx_word' id='word_1_252' title='bbox 1368 3295 1437 3337; x_wconf 85' lang='lat' dir='ltr'>oon·</span> 
     </span>
     <span class='ocr_line' id='line_1_33' title="bbox 314 3363 1438 3444; baseline 0.004 -23"><span class='ocrx_word' id='word_1_253' title='bbox 314 3363 430 3424; x_wconf 89' lang='lat' dir='ltr'>iectura</span> <span class='ocrx_word' id='word_1_254' title='bbox 457 3364 600 3440; x_wconf 86' lang='lat' dir='ltr'>„cierint“</span> <span class='ocrx_word' id='word_1_255' title='bbox 626 3384 685 3425; x_wconf 93' lang='lat' dir='ltr'>non</span> <span class='ocrx_word' id='word_1_256' title='bbox 717 3366 814 3444; x_wconf 88' lang='lat' dir='ltr'>magis</span> <span class='ocrx_word' id='word_1_257' title='bbox 845 3367 1011 3426; x_wconf 85' lang='lat' dir='ltr'>necessaria</span> <span class='ocrx_word' id='word_1_258' title='bbox 1035 3368 1156 3426; x_wconf 90' lang='lat' dir='ltr'>videtur</span> <span class='ocrx_word' id='word_1_259' title='bbox 1180 3387 1271 3442; x_wconf 90' lang='lat' dir='ltr'>quam</span> <span class='ocrx_word' id='word_1_260' title='bbox 1294 3364 1438 3444; x_wconf 84' lang='lat' dir='ltr'>Scaligeri</span> 
     </span>
     <span class='ocr_line' id='line_1_34' title="bbox 319 3453 1438 3534; baseline 0.001 -22"><span class='ocrx_word' id='word_1_261' title='bbox 319 3473 391 3528; x_wconf 90' lang='lat' dir='ltr'>„per</span> <span class='ocrx_word' id='word_1_262' title='bbox 415 3454 511 3514; x_wconf 89' lang='lat' dir='ltr'>claros</span> <span class='ocrx_word' id='word_1_263' title='bbox 534 3454 655 3514; x_wconf 82' lang='lat' dir='ltr'>ierint“.</span> <span class='ocrx_word' id='word_1_264' title='bbox 701 3453 822 3530; x_wconf 90' lang='lat' dir='ltr'>Optime</span> <span class='ocrx_word' id='word_1_265' title='bbox 839 3456 917 3516; x_wconf 92' lang='lat' dir='ltr'>enim</span> <span class='ocrx_word' id='word_1_266' title='bbox 939 3456 1104 3534; x_wconf 86' lang='lat' dir='ltr'>fragmenti</span> <span class='ocrx_word' id='word_1_267' title='bbox 1127 3456 1216 3516; x_wconf 89' lang='lat' dir='ltr'>lectio</span> <span class='ocrx_word' id='word_1_268' title='bbox 1240 3475 1309 3516; x_wconf 91' lang='lat' dir='ltr'>cum</span> <span class='ocrx_word' id='word_1_269' title='bbox 1332 3454 1438 3514; x_wconf 88' lang='lat' dir='ltr'>ceteris</span> 
     </span>
     <span class='ocr_line' id='line_1_35' title="bbox 315 3543 725 3622; baseline 0.005 -21"><span class='ocrx_word' id='word_1_270' title='bbox 315 3561 420 3603; x_wconf 84' lang='lat' dir='ltr'>versus</span> <span class='ocrx_word' id='word_1_271' title='bbox 443 3543 543 3603; x_wconf 86' lang='lat' dir='ltr'>verbis</span> <span class='ocrx_word' id='word_1_272' title='bbox 568 3544 725 3622; x_wconf 83' lang='lat' dir='ltr'>congruit:</span> 
     </span>
    </p>
   </div>
   <div class='ocr_carea' id='block_1_6' title="bbox 442 3650 1307 3730">
    <p class='ocr_par' dir='ltr' id='par_1_11' title="bbox 442 3650 1307 3730">
     <span class='ocr_line' id='line_1_36' title="bbox 442 3650 1307 3730; baseline 0.005 -22"><span class='ocrx_word' id='word_1_273' title='bbox 442 3651 533 3730; x_wconf 82' lang='lat' dir='ltr'>Erg0,</span> <span class='ocrx_word' id='word_1_274' title='bbox 559 3653 613 3711; x_wconf 92' lang='lat' dir='ltr'>ubi</span> <span class='ocrx_word' id='word_1_275' title='bbox 635 3652 802 3728; x_wconf 87' lang='lat' dir='ltr'>praeclaros</span> <span class='ocrx_word' id='word_1_276' title='bbox 826 3650 916 3709; x_wconf 90' lang='lat' dir='ltr'>ierint</span> <span class='ocrx_word' id='word_1_277' title='bbox 939 3654 995 3710; x_wconf 86' lang='lat' dir='ltr'>tua</span> <span class='ocrx_word' id='word_1_278' title='bbox 1017 3652 1098 3712; x_wconf 87' lang='lat' dir='ltr'>facta</span> <span class='ocrx_word' id='word_1_279' title='bbox 1121 3653 1307 3730; x_wconf 90' lang='lat' dir='ltr'>triumphos;</span> 
     </span>
    </p>
   </div>
   <div class='ocr_carea' id='block_1_7' title="bbox 314 3757 1438 4109">
    <p class='ocr_par' dir='ltr' id='par_1_12' title="bbox 314 3757 1438 4109">
     <span class='ocr_line' id='line_1_37' title="bbox 314 3757 1438 3835; baseline 0.006 -22"><span class='ocrx_word' id='word_1_280' title='bbox 314 3776 383 3814; x_wconf 89' lang='lat' dir='ltr'>nam</span> <span class='ocrx_word' id='word_1_281' title='bbox 398 3757 479 3816; x_wconf 89' lang='lat' dir='ltr'>sicut</span> <span class='ocrx_word' id='word_1_282' title='bbox 495 3757 601 3818; x_wconf 91' lang='lat' dir='ltr'>dicunt</span> <span class='ocrx_word' id='word_1_283' title='bbox 620 3777 778 3834; x_wconf 90' lang='lat' dir='ltr'>„pompam</span> <span class='ocrx_word' id='word_1_284' title='bbox 792 3758 843 3817; x_wconf 82' lang='lat' dir='ltr'>vel</span> <span class='ocrx_word' id='word_1_285' title='bbox 859 3758 999 3835; x_wconf 83' lang='lat' dir='ltr'>exequias</span> <span class='ocrx_word' id='word_1_286' title='bbox 1022 3758 1098 3831; x_wconf 87' lang='lat' dir='ltr'>ire“,</span> <span class='ocrx_word' id='word_1_287' title='bbox 1122 3760 1166 3818; x_wconf 85' lang='lat' dir='ltr'>ita</span> <span class='ocrx_word' id='word_1_288' title='bbox 1182 3764 1262 3820; x_wconf 89' lang='lat' dir='ltr'>certe</span> <span class='ocrx_word' id='word_1_289' title='bbox 1285 3761 1438 3820; x_wconf 88' lang='lat' dir='ltr'>autumari</span> 
     </span>
     <span class='ocr_line' id='line_1_38' title="bbox 314 3845 1437 3927; baseline 0.006 -23"><span class='ocrx_word' id='word_1_290' title='bbox 314 3848 431 3922; x_wconf 89' lang='lat' dir='ltr'>potest:</span> <span class='ocrx_word' id='word_1_291' title='bbox 467 3845 567 3920; x_wconf 87' lang='lat' dir='ltr'>„facta</span> <span class='ocrx_word' id='word_1_292' title='bbox 598 3850 653 3906; x_wconf 88' lang='lat' dir='ltr'>tua</span> <span class='ocrx_word' id='word_1_293' title='bbox 676 3847 846 3924; x_wconf 92' lang='lat' dir='ltr'>triumphos</span> <span class='ocrx_word' id='word_1_294' title='bbox 870 3851 974 3906; x_wconf 87' lang='lat' dir='ltr'>eunt“.</span> <span class='ocrx_word' id='word_1_295' title='bbox 1022 3847 1166 3927; x_wconf 84' lang='lat' dir='ltr'>Scaligeri</span> <span class='ocrx_word' id='word_1_296' title='bbox 1198 3855 1299 3910; x_wconf 90' lang='lat' dir='ltr'>antem</span> <span class='ocrx_word' id='word_1_297' title='bbox 1323 3851 1437 3910; x_wconf 88' lang='lat' dir='ltr'>coniec-</span> 
     </span>
     <span class='ocr_line' id='line_1_39' title="bbox 317 3937 1437 4013; baseline 0.004 -19"><span class='ocrx_word' id='word_1_298' title='bbox 317 3937 420 3995; x_wconf 88' lang='lat' dir='ltr'>turam</span> <span class='ocrx_word' id='word_1_299' title='bbox 444 3955 630 4012; x_wconf 90' lang='lat' dir='ltr'>quamquam</span> <span class='ocrx_word' id='word_1_300' title='bbox 653 3937 749 4013; x_wconf 89' lang='lat' dir='ltr'>primo</span> <span class='ocrx_word' id='word_1_301' title='bbox 773 3938 885 3996; x_wconf 83' lang='lat' dir='ltr'>obtutu</span> <span class='ocrx_word' id='word_1_302' title='bbox 909 3937 1018 3996; x_wconf 86' lang='lat' dir='ltr'>bellam</span> <span class='ocrx_word' id='word_1_303' title='bbox 1033 3943 1133 3998; x_wconf 90' lang='lat' dir='ltr'>tamen</span> <span class='ocrx_word' id='word_1_304' title='bbox 1159 3958 1193 3998; x_wconf 87' lang='lat' dir='ltr'>eo</span> <span class='ocrx_word' id='word_1_305' title='bbox 1208 3943 1348 4000; x_wconf 85' lang='lat' dir='ltr'>vetamur</span> <span class='ocrx_word' id='word_1_306' title='bbox 1363 3941 1437 4000; x_wconf 86' lang='lat' dir='ltr'>reci·</span> 
     </span>
     <span class='ocr_line' id='line_1_40' title="bbox 316 4026 1437 4109; baseline 0.004 -25"><span class='ocrx_word' id='word_1_307' title='bbox 316 4044 397 4102; x_wconf 86' lang='lat' dir='ltr'>pere,</span> <span class='ocrx_word' id='word_1_308' title='bbox 432 4026 513 4102; x_wconf 92' lang='lat' dir='ltr'>quod</span> <span class='ocrx_word' id='word_1_309' title='bbox 543 4046 596 4106; x_wconf 89' lang='lat' dir='ltr'>per</span> <span class='ocrx_word' id='word_1_310' title='bbox 627 4026 818 4104; x_wconf 87' lang='lat' dir='ltr'>triumphum</span> <span class='ocrx_word' id='word_1_311' title='bbox 851 4026 895 4085; x_wconf 89' lang='lat' dir='ltr'>ire</span> <span class='ocrx_word' id='word_1_312' title='bbox 928 4026 1007 4087; x_wconf 91' lang='lat' dir='ltr'>idem</span> <span class='ocrx_word' id='word_1_313' title='bbox 1039 4046 1102 4109; x_wconf 80' lang='lat' dir='ltr'>esse</span> <span class='ocrx_word' id='word_1_314' title='bbox 1124 4029 1247 4089; x_wconf 86' lang='lat' dir='ltr'>videtur</span> <span class='ocrx_word' id='word_1_315' title='bbox 1270 4032 1362 4107; x_wconf 87' lang='lat' dir='ltr'>atque</span> <span class='ocrx_word' id='word_1_316' title='bbox 1384 4049 1437 4108; x_wconf 89' lang='lat' dir='ltr'>per</span> 
     </span>
    </p>
   </div>
   <div class='ocr_carea' id='block_1_8' title="bbox 404 4253 1439 4334">
    <p class='ocr_par' dir='ltr' id='par_1_13' title="bbox 404 4253 1439 4334">
     <span class='ocr_line' id='line_1_41' title="bbox 404 4253 1439 4334; baseline 0.005 -24"><span class='ocrx_word' id='word_1_317' title='bbox 404 4253 430 4324; x_wconf 79' lang='lat' dir='ltr'>l)</span> <span class='ocrx_word' id='word_1_318' title='bbox 449 4255 556 4323; x_wconf 86' lang='lat' dir='ltr'>Od.IX,</span> <span class='ocrx_word' id='word_1_319' title='bbox 575 4255 674 4329; x_wconf 82' lang='lat' dir='ltr'>94sq.;</span> <span class='ocrx_word' id='word_1_320' title='bbox 695 4257 821 4332; x_wconf 88' lang='lat' dir='ltr'>Propert.</span> <span class='ocrx_word' id='word_1_321' title='bbox 831 4257 857 4327; x_wconf 86' lang='lat'>3,</span> <span class='ocrx_word' id='word_1_322' title='bbox 878 4259 919 4328; x_wconf 81' lang='lat'>12,</span> <span class='ocrx_word' id='word_1_323' title='bbox 938 4260 988 4317; x_wconf 78' lang='lat'>27:</span> <span class='ocrx_word' id='word_1_324' title='bbox 1008 4263 1136 4334; x_wconf 85' lang='lat' dir='ltr'>lotosque</span> <span class='ocrx_word' id='word_1_325' title='bbox 1148 4262 1305 4333; x_wconf 87' lang='lat' dir='ltr'>herbaeque</span> <span class='ocrx_word' id='word_1_326' title='bbox 1315 4264 1439 4324; x_wconf 76' lang='grc'><strong>1055005.</strong></span> 
     </span>
    </p>
   </div>
   <div class='ocr_carea' id='block_1_9' title="bbox 0 0 1626 5084">
    <p class='ocr_par' dir='ltr' id='par_1_14' title="bbox 0 0 1626 5084">
     <span class='ocr_line' id='line_1_42' title="bbox 0 0 1626 5084; baseline 0 0"><span class='ocrx_word' id='word_1_327' title='bbox 0 0 1626 5084; x_wconf 95' lang='lat' dir='ltr'> </span> 
     </span>
    </p>
   </div>
  </div>
 </body>
</html>
