<?xml version="1.0" encoding="UTF-8"?>
<!DOCTYPE html PUBLIC "-//W3C//DTD XHTML 1.0 Transitional//EN"
    "http://www.w3.org/TR/xhtml1/DTD/xhtml1-transitional.dtd">
<html xmlns="http://www.w3.org/1999/xhtml" xml:lang="en" lang="en">
 <head>
  <title>
</title>
<meta http-equiv="Content-Type" content="text/html;charset=utf-8" />
  <meta name='ocr-system' content='tesseract 3.04.00' />
  <meta name='ocr-capabilities' content='ocr_page ocr_carea ocr_par ocr_line ocrx_word'/>
</head>
<body>
  <div class='ocr_page' id='page_1' title='image "./decodicibustibu03leongoog_0068.png"; bbox 0 0 3242 5084; ppageno 0'>
   <div class='ocr_carea' id='block_1_1' title="bbox 789 443 1007 503">
    <p class='ocr_par' dir='ltr' id='par_1_1' title="bbox 789 443 1007 503">
     <span class='ocr_line' id='line_1_1' title="bbox 789 443 1007 503; baseline 0 -21"><span class='ocrx_word' id='word_1_1' title='bbox 789 443 920 503; x_wconf 73' lang='lat'><strong><em>...‘60</em></strong></span> <span class='ocrx_word' id='word_1_2' title='bbox 966 473 1007 482; x_wconf 80' lang='grc'><strong>..-</strong></span> 
     </span>
    </p>
   </div>
   <div class='ocr_carea' id='block_1_2' title="bbox 338 615 1458 778">
    <p class='ocr_par' dir='ltr' id='par_1_2' title="bbox 338 615 1458 778">
     <span class='ocr_line' id='line_1_2' title="bbox 428 615 1458 692; baseline 0.004 -19"><span class='ocrx_word' id='word_1_3' title='bbox 428 615 493 674; x_wconf 92' lang='lat' dir='ltr'><strong>Iam</strong></span> <span class='ocrx_word' id='word_1_4' title='bbox 525 615 598 692; x_wconf 91' lang='lat' dir='ltr'><strong>quid</strong></span> <span class='ocrx_word' id='word_1_5' title='bbox 630 617 666 676; x_wconf 87' lang='lat' dir='ltr'><strong>de</strong></span> <span class='ocrx_word' id='word_1_6' title='bbox 697 617 788 676; x_wconf 85' lang='lat' dir='ltr'><strong>tertia</strong></span> <span class='ocrx_word' id='word_1_7' title='bbox 811 635 955 676; x_wconf 87' lang='lat' dir='ltr'><strong>versuum</strong></span> <span class='ocrx_word' id='word_1_8' title='bbox 985 617 1236 692; x_wconf 71' lang='lat' dir='ltr'><strong>transpositorum</strong></span> <span class='ocrx_word' id='word_1_9' title='bbox 1265 617 1458 677; x_wconf 79' lang='lat' dir='ltr'><strong>commissura</strong></span> 
     </span>
     <span class='ocr_line' id='line_1_3' title="bbox 338 705 801 778; baseline 0.004 -16"><span class='ocrx_word' id='word_1_10' title='bbox 338 705 532 764; x_wconf 89' lang='lat' dir='ltr'><strong>iudicandum</strong></span> <span class='ocrx_word' id='word_1_11' title='bbox 555 706 604 778; x_wconf 91' lang='lat' dir='ltr'><strong>sit,</strong></span> <span class='ocrx_word' id='word_1_12' title='bbox 630 705 801 766; x_wconf 84' lang='lat' dir='ltr'><strong>videamus:</strong></span> 
     </span>
    </p>
   </div>
   <div class='ocr_carea' id='block_1_3' title="bbox 380 812 1387 1248">
    <p class='ocr_par' dir='ltr' id='par_1_3' title="bbox 380 812 1387 1248">
     <span class='ocr_line' id='line_1_4' title="bbox 427 812 1311 891; baseline 0.008 -22"><span class='ocrx_word' id='word_1_13' title='bbox 427 812 569 871; x_wconf 89' lang='lat' dir='ltr'><strong>Richtero</strong></span> <span class='ocrx_word' id='word_1_14' title='bbox 593 829 697 870; x_wconf 86' lang='lat' dir='ltr'><strong>versus</strong></span> <span class='ocrx_word' id='word_1_15' title='bbox 723 816 798 875; x_wconf 73' lang='lat'>24⁰⁰¹</span> <span class='ocrx_word' id='word_1_16' title='bbox 822 815 852 871; x_wconf 83' lang='lat' dir='ltr'><strong>ct</strong></span> <span class='ocrx_word' id='word_1_17' title='bbox 877 817 953 876; x_wconf 66' lang='lat'><strong>33¹¹¹³</strong></span> <span class='ocrx_word' id='word_1_18' title='bbox 976 812 1092 887; x_wconf 90' lang='lat' dir='ltr'><strong>placuit</strong></span> <span class='ocrx_word' id='word_1_19' title='bbox 1115 813 1311 891; x_wconf 90' lang='lat' dir='ltr'><strong>coniungere:</strong></span> 
     </span>
     <span class='ocr_line' id='line_1_5' title="bbox 380 899 1387 982; baseline 0.005 -25"><span class='ocrx_word' id='word_1_20' title='bbox 380 900 489 978; x_wconf 83' lang='lat' dir='ltr'><strong>„Agna</strong></span> <span class='ocrx_word' id='word_1_21' title='bbox 512 901 597 961; x_wconf 81' lang='lat' dir='ltr'><strong>cadet</strong></span> <span class='ocrx_word' id='word_1_22' title='bbox 620 901 704 960; x_wconf 86' lang='lat' dir='ltr'><strong>vobis</strong></span> <span class='ocrx_word' id='word_1_23' title='bbox 730 899 884 982; x_wconf 86' lang='lat' dir='ltr'><strong>(Laribus)</strong></span> <span class='ocrx_word' id='word_1_24' title='bbox 908 921 998 977; x_wconf 92' lang='lat' dir='ltr'><strong>quam</strong></span> <span class='ocrx_word' id='word_1_25' title='bbox 1022 902 1134 962; x_wconf 91' lang='lat' dir='ltr'><strong>circum</strong></span> <span class='ocrx_word' id='word_1_26' title='bbox 1157 902 1270 961; x_wconf 87' lang='lat' dir='ltr'><strong>rustica</strong></span> <span class='ocrx_word' id='word_1_27' title='bbox 1293 905 1387 978; x_wconf 83' lang='lat' dir='ltr'><strong>pubes</strong></span> 
     </span>
     <span class='ocr_line' id='line_1_6' title="bbox 428 989 1092 1050; baseline 0.003 -2"><span class='ocrx_word' id='word_1_28' title='bbox 428 989 555 1049; x_wconf 76' lang='lat' dir='ltr'><strong>Clamet:</strong></span> <span class='ocrx_word' id='word_1_29' title='bbox 580 989 609 1049; x_wconf 91' lang='lat' dir='ltr'><strong>io</strong></span> <span class='ocrx_word' id='word_1_30' title='bbox 632 993 751 1050; x_wconf 81' lang='lat' dir='ltr'><strong>massas</strong></span> <span class='ocrx_word' id='word_1_31' title='bbox 765 994 795 1049; x_wconf 89' lang='lat' dir='ltr'><strong>et</strong></span> <span class='ocrx_word' id='word_1_32' title='bbox 818 992 896 1049; x_wconf 90' lang='lat' dir='ltr'><strong>bona</strong></span> <span class='ocrx_word' id='word_1_33' title='bbox 919 991 989 1048; x_wconf 86' lang='lat' dir='ltr'><strong>vina</strong></span> <span class='ocrx_word' id='word_1_34' title='bbox 1011 992 1092 1050; x_wconf 90' lang='lat' dir='ltr'><strong>date.</strong></span> 
     </span>
     <span class='ocr_line' id='line_1_7' title="bbox 385 1077 1093 1156; baseline 0.006 -21"><span class='ocrx_word' id='word_1_35' title='bbox 385 1077 427 1137; x_wconf 91' lang='lat' dir='ltr'><strong>At</strong></span> <span class='ocrx_word' id='word_1_36' title='bbox 449 1097 502 1138; x_wconf 86' lang='lat' dir='ltr'><strong>vos</strong></span> <span class='ocrx_word' id='word_1_37' title='bbox 527 1078 635 1156; x_wconf 85' lang='lat' dir='ltr'><strong>exiguo</strong></span> <span class='ocrx_word' id='word_1_38' title='bbox 658 1079 767 1154; x_wconf 90' lang='lat' dir='ltr'><strong>pecori,</strong></span> <span class='ocrx_word' id='word_1_39' title='bbox 792 1079 935 1155; x_wconf 87' lang='lat' dir='ltr'><strong>furesque</strong></span> <span class='ocrx_word' id='word_1_40' title='bbox 958 1080 1093 1156; x_wconf 83' lang='lat' dir='ltr'><strong>lupique,</strong></span> 
     </span>
     <span class='ocr_line' id='line_1_8' title="bbox 427 1167 1250 1248; baseline 0.005 -23"><span class='ocrx_word' id='word_1_41' title='bbox 427 1167 562 1239; x_wconf 84' lang='lat' dir='ltr'><strong>Parcite3</strong></span> <span class='ocrx_word' id='word_1_42' title='bbox 587 1168 623 1227; x_wconf 88' lang='lat' dir='ltr'><strong>de</strong></span> <span class='ocrx_word' id='word_1_43' title='bbox 646 1187 755 1246; x_wconf 86' lang='lat' dir='ltr'><strong>magno</strong></span> <span class='ocrx_word' id='word_1_44' title='bbox 779 1172 824 1230; x_wconf 85' lang='lat' dir='ltr'><strong>est</strong></span> <span class='ocrx_word' id='word_1_45' title='bbox 846 1168 958 1244; x_wconf 83' lang='lat' dir='ltr'><strong>praeda</strong></span> <span class='ocrx_word' id='word_1_46' title='bbox 979 1170 1106 1246; x_wconf 90' lang='lat' dir='ltr'><strong>petenda</strong></span> <span class='ocrx_word' id='word_1_47' title='bbox 1129 1173 1250 1248; x_wconf 84' lang='lat' dir='ltr'><strong>grege.“</strong></span> 
     </span>
    </p>
   </div>
   <div class='ocr_carea' id='block_1_4' title="bbox 337 1282 1458 2343">
    <p class='ocr_par' dir='ltr' id='par_1_4' title="bbox 338 1282 1457 1521">
     <span class='ocr_line' id='line_1_9' title="bbox 338 1282 1457 1359; baseline 0.003 -18"><span class='ocrx_word' id='word_1_48' title='bbox 338 1282 396 1342; x_wconf 86' lang='lat' dir='ltr'><strong>Sed</strong></span> <span class='ocrx_word' id='word_1_49' title='bbox 419 1302 478 1341; x_wconf 90' lang='lat' dir='ltr'><strong>non</strong></span> <span class='ocrx_word' id='word_1_50' title='bbox 503 1286 547 1342; x_wconf 90' lang='lat' dir='ltr'><strong>est</strong></span> <span class='ocrx_word' id='word_1_51' title='bbox 570 1284 697 1343; x_wconf 91' lang='lat' dir='ltr'><strong>dubium</strong></span> <span class='ocrx_word' id='word_1_52' title='bbox 729 1284 802 1359; x_wconf 90' lang='lat' dir='ltr'><strong>quin</strong></span> <span class='ocrx_word' id='word_1_53' title='bbox 832 1285 892 1343; x_wconf 89' lang='lat' dir='ltr'><strong>ista</strong></span> <span class='ocrx_word' id='word_1_54' title='bbox 915 1303 1058 1344; x_wconf 88' lang='lat' dir='ltr'><strong>versuum</strong></span> <span class='ocrx_word' id='word_1_55' title='bbox 1082 1284 1253 1345; x_wconf 90' lang='lat' dir='ltr'><strong>coniunctio</strong></span> <span class='ocrx_word' id='word_1_56' title='bbox 1276 1303 1335 1342; x_wconf 90' lang='lat' dir='ltr'><strong>non</strong></span> <span class='ocrx_word' id='word_1_57' title='bbox 1359 1285 1457 1344; x_wconf 88' lang='lat' dir='ltr'><strong>minus</strong></span> 
     </span>
     <span class='ocr_line' id='line_1_10' title="bbox 339 1373 1457 1450; baseline 0.001 -19"><span class='ocrx_word' id='word_1_58' title='bbox 339 1391 443 1448; x_wconf 87' lang='lat' dir='ltr'><strong>aspera</strong></span> <span class='ocrx_word' id='word_1_59' title='bbox 467 1375 558 1448; x_wconf 89' lang='lat' dir='ltr'><strong>atque</strong></span> <span class='ocrx_word' id='word_1_60' title='bbox 580 1373 752 1449; x_wconf 89' lang='lat' dir='ltr'><strong>importuna</strong></span> <span class='ocrx_word' id='word_1_61' title='bbox 776 1374 817 1432; x_wconf 91' lang='lat' dir='ltr'><strong>sit</strong></span> <span class='ocrx_word' id='word_1_62' title='bbox 840 1393 930 1449; x_wconf 92' lang='lat' dir='ltr'><strong>quam</strong></span> <span class='ocrx_word' id='word_1_63' title='bbox 954 1394 1031 1450; x_wconf 85' lang='lat' dir='ltr'><strong>quae</strong></span> <span class='ocrx_word' id='word_1_64' title='bbox 1055 1375 1086 1432; x_wconf 92' lang='lat' dir='ltr'><strong>in</strong></span> <span class='ocrx_word' id='word_1_65' title='bbox 1109 1374 1262 1434; x_wconf 82' lang='lat' dir='ltr'><strong>codicibus</strong></span> <span class='ocrx_word' id='word_1_66' title='bbox 1285 1374 1358 1449; x_wconf 88' lang='lat' dir='ltr'><strong>ipsis</strong></span> <span class='ocrx_word' id='word_1_67' title='bbox 1376 1377 1457 1434; x_wconf 85' lang='lat' dir='ltr'><strong>extat</strong></span> 
     </span>
     <span class='ocr_line' id='line_1_11' title="bbox 338 1461 498 1521; baseline -0.006 0"><span class='ocrx_word' id='word_1_68' title='bbox 338 1461 498 1521; x_wconf 89' lang='lat' dir='ltr'><strong>tralaticia.</strong></span> 
     </span>
    </p>

    <p class='ocr_par' dir='ltr' id='par_1_5' title="bbox 338 1549 1458 1895">
     <span class='ocr_line' id='line_1_12' title="bbox 427 1549 1456 1632; baseline 0.004 -24"><span class='ocrx_word' id='word_1_69' title='bbox 427 1551 471 1610; x_wconf 90' lang='lat' dir='ltr'><strong>De</strong></span> <span class='ocrx_word' id='word_1_70' title='bbox 494 1549 597 1609; x_wconf 91' lang='lat' dir='ltr'><strong>Haasii</strong></span> <span class='ocrx_word' id='word_1_71' title='bbox 620 1552 768 1610; x_wconf 88' lang='lat' dir='ltr'><strong>sententia</strong></span> <span class='ocrx_word' id='word_1_72' title='bbox 791 1570 896 1611; x_wconf 85' lang='lat' dir='ltr'><strong>versus</strong></span> <span class='ocrx_word' id='word_1_73' title='bbox 921 1556 965 1614; x_wconf 80' lang='lat'><strong>24&#39;</strong></span> <span class='ocrx_word' id='word_1_74' title='bbox 986 1554 1026 1610; x_wconf 74' lang='lat' dir='ltr'><strong>etv</strong></span> <span class='ocrx_word' id='word_1_75' title='bbox 1041 1557 1116 1616; x_wconf 76' lang='lat' dir='ltr'><strong>35¹¹m</strong></span> <span class='ocrx_word' id='word_1_76' title='bbox 1139 1551 1219 1610; x_wconf 88' lang='lat' dir='ltr'><strong>inter</strong></span> <span class='ocrx_word' id='word_1_77' title='bbox 1233 1570 1278 1632; x_wconf 29' lang='lat' dir='ltr'><strong>‚se</strong></span> <span class='ocrx_word' id='word_1_78' title='bbox 1301 1556 1456 1612; x_wconf 88' lang='lat' dir='ltr'><strong>conecten-</strong></span> 
     </span>
     <span class='ocr_line' id='line_1_13' title="bbox 338 1640 1457 1718; baseline 0.002 -18"><span class='ocrx_word' id='word_1_79' title='bbox 338 1640 378 1700; x_wconf 88' lang='lat' dir='ltr'><strong>tis</strong></span> <span class='ocrx_word' id='word_1_80' title='bbox 409 1644 489 1699; x_wconf 89' lang='lat' dir='ltr'><strong>recte</strong></span> <span class='ocrx_word' id='word_1_81' title='bbox 522 1640 663 1699; x_wconf 78' lang='lat' dir='ltr'><strong>disseruit</strong></span> <span class='ocrx_word' id='word_1_82' title='bbox 686 1641 846 1700; x_wconf 89' lang='lat' dir='ltr'><strong>Richterus</strong></span> <span class='ocrx_word' id='word_1_83' title='bbox 878 1661 928 1718; x_wconf 87' lang='lat' dir='ltr'><strong>pg.</strong></span> <span class='ocrx_word' id='word_1_84' title='bbox 955 1646 973 1704; x_wconf 83' lang='lat'>5</span> <span class='ocrx_word' id='word_1_85' title='bbox 997 1659 1060 1715; x_wconf 89' lang='lat' dir='ltr'><strong>sq.,</strong></span> <span class='ocrx_word' id='word_1_86' title='bbox 1094 1642 1148 1717; x_wconf 90' lang='lat' dir='ltr'><strong>qui</strong></span> <span class='ocrx_word' id='word_1_87' title='bbox 1171 1641 1218 1699; x_wconf 88' lang='lat' dir='ltr'><strong>vir</strong></span> <span class='ocrx_word' id='word_1_88' title='bbox 1247 1642 1354 1702; x_wconf 87' lang='lat' dir='ltr'><strong>doctus</strong></span> <span class='ocrx_word' id='word_1_89' title='bbox 1385 1643 1457 1702; x_wconf 88' lang='lat' dir='ltr'><strong>baec</strong></span> 
     </span>
     <span class='ocr_line' id='line_1_14' title="bbox 338 1729 1458 1806; baseline 0.002 -18"><span class='ocrx_word' id='word_1_90' title='bbox 338 1729 466 1789; x_wconf 86' lang='lat' dir='ltr'><strong>disticha</strong></span> <span class='ocrx_word' id='word_1_91' title='bbox 489 1734 618 1792; x_wconf 81' lang='lat'>19——24</span> <span class='ocrx_word' id='word_1_92' title='bbox 643 1731 672 1788; x_wconf 91' lang='lat' dir='ltr'><strong>et</strong></span> <span class='ocrx_word' id='word_1_93' title='bbox 697 1735 737 1794; x_wconf 84' lang='lat'><strong>35</strong></span> <span class='ocrx_word' id='word_1_94' title='bbox 762 1749 805 1806; x_wconf 89' lang='lat' dir='ltr'><strong>sq.</strong></span> <span class='ocrx_word' id='word_1_95' title='bbox 831 1731 969 1790; x_wconf 88' lang='lat' dir='ltr'><strong>omnibus</strong></span> <span class='ocrx_word' id='word_1_96' title='bbox 994 1730 1139 1790; x_wconf 88' lang='lat' dir='ltr'><strong>machinis</strong></span> <span class='ocrx_word' id='word_1_97' title='bbox 1162 1731 1263 1806; x_wconf 88' lang='lat' dir='ltr'><strong>potius</strong></span> <span class='ocrx_word' id='word_1_98' title='bbox 1286 1731 1458 1790; x_wconf 90' lang='lat' dir='ltr'><strong>dissecanda</strong></span> 
     </span>
     <span class='ocr_line' id='line_1_15' title="bbox 338 1818 1001 1895; baseline -0.008 -17"><span class='ocrx_word' id='word_1_99' title='bbox 338 1839 430 1895; x_wconf 88' lang='lat' dir='ltr'><strong>quam</strong></span> <span class='ocrx_word' id='word_1_100' title='bbox 454 1818 608 1878; x_wconf 88' lang='lat' dir='ltr'><strong>conflanda</strong></span> <span class='ocrx_word' id='word_1_101' title='bbox 632 1819 757 1882; x_wconf 85' lang='lat' dir='ltr'><strong>censuit.</strong></span> <span class='ocrx_word' id='word_1_102' title='bbox 999 1869 1001 1873; x_wconf 83' lang='lat'><em>.</em></span> 
     </span>
    </p>

    <p class='ocr_par' dir='ltr' id='par_1_6' title="bbox 337 1907 1457 2343">
     <span class='ocr_line' id='line_1_16' title="bbox 427 1907 1456 1986; baseline 0.004 -22"><span class='ocrx_word' id='word_1_103' title='bbox 427 1908 533 1967; x_wconf 84' lang='lat' dir='ltr'><strong>Restat</strong></span> <span class='ocrx_word' id='word_1_104' title='bbox 556 1908 652 1986; x_wconf 86' lang='lat' dir='ltr'><strong>igitur</strong></span> <span class='ocrx_word' id='word_1_105' title='bbox 676 1928 767 1983; x_wconf 90' lang='lat' dir='ltr'><strong>quam</strong></span> <span class='ocrx_word' id='word_1_106' title='bbox 791 1907 990 1968; x_wconf 88' lang='lat' dir='ltr'><strong>Baehrensius</strong></span> <span class='ocrx_word' id='word_1_107' title='bbox 1006 1908 1203 1984; x_wconf 81' lang='lat' dir='ltr'><strong>Priamusque</strong></span> <span class='ocrx_word' id='word_1_108' title='bbox 1226 1912 1456 1985; x_wconf 86' lang='lat' dir='ltr'><strong>proposuerunt,</strong></span> 
     </span>
     <span class='ocr_line' id='line_1_17' title="bbox 338 1996 1457 2074; baseline 0.001 -19"><span class='ocrx_word' id='word_1_109' title='bbox 338 2015 481 2056; x_wconf 85' lang='lat' dir='ltr'><strong>versuum</strong></span> <span class='ocrx_word' id='word_1_110' title='bbox 518 2001 558 2060; x_wconf 82' lang='lat'><strong>23</strong></span> <span class='ocrx_word' id='word_1_111' title='bbox 595 2016 638 2072; x_wconf 90' lang='lat' dir='ltr'><strong>sq.</strong></span> <span class='ocrx_word' id='word_1_112' title='bbox 674 2017 742 2057; x_wconf 89' lang='lat' dir='ltr'><strong>cum</strong></span> <span class='ocrx_word' id='word_1_113' title='bbox 774 2003 814 2062; x_wconf 90' lang='grc'><strong>37</strong></span> <span class='ocrx_word' id='word_1_114' title='bbox 840 2017 884 2073; x_wconf 88' lang='lat' dir='ltr'><strong>sq.</strong></span> <span class='ocrx_word' id='word_1_115' title='bbox 920 1998 1100 2058; x_wconf 90' lang='lat' dir='ltr'><strong>coniunctio.</strong></span> <span class='ocrx_word' id='word_1_116' title='bbox 1159 1996 1242 2067; x_wconf 81' lang='lat' dir='ltr'><strong>Quae</strong></span> <span class='ocrx_word' id='word_1_117' title='bbox 1277 2019 1457 2074; x_wconf 90' lang='lat' dir='ltr'><strong>quamquam</strong></span> 
     </span>
     <span class='ocr_line' id='line_1_18' title="bbox 337 2086 1457 2164; baseline 0.002 -21"><span class='ocrx_word' id='word_1_118' title='bbox 337 2087 464 2146; x_wconf 84' lang='lat' dir='ltr'><strong>maxime</strong></span> <span class='ocrx_word' id='word_1_119' title='bbox 488 2086 621 2144; x_wconf 91' lang='lat' dir='ltr'><strong>omnium</strong></span> <span class='ocrx_word' id='word_1_120' title='bbox 645 2086 765 2146; x_wconf 89' lang='lat' dir='ltr'><strong>videtur</strong></span> <span class='ocrx_word' id='word_1_121' title='bbox 796 2087 940 2146; x_wconf 90' lang='lat' dir='ltr'><strong>concinna</strong></span> <span class='ocrx_word' id='word_1_122' title='bbox 963 2121 1003 2129; x_wconf 93' lang='lat'>—</span> <span class='ocrx_word' id='word_1_123' title='bbox 1029 2107 1098 2145; x_wconf 88' lang='lat' dir='ltr'><strong>nam</strong></span> <span class='ocrx_word' id='word_1_124' title='bbox 1122 2087 1311 2164; x_wconf 86' lang='lat' dir='ltr'><strong>singulorum</strong></span> <span class='ocrx_word' id='word_1_125' title='bbox 1334 2089 1457 2148; x_wconf 89' lang='lat' dir='ltr'><strong>deorum</strong></span> 
     </span>
     <span class='ocr_line' id='line_1_19' title="bbox 338 2176 1457 2254; baseline 0 -19"><span class='ocrx_word' id='word_1_126' title='bbox 338 2176 425 2235; x_wconf 84' lang='lat' dir='ltr'><strong>cultu</strong></span> <span class='ocrx_word' id='word_1_127' title='bbox 461 2177 598 2234; x_wconf 88' lang='lat' dir='ltr'><strong>enarrato</strong></span> <span class='ocrx_word' id='word_1_128' title='bbox 631 2195 691 2234; x_wconf 89' lang='lat' dir='ltr'><strong>una</strong></span> <span class='ocrx_word' id='word_1_129' title='bbox 727 2177 987 2252; x_wconf 86' lang='lat' dir='ltr'><strong>comprehensione</strong></span> <span class='ocrx_word' id='word_1_130' title='bbox 1019 2195 1120 2235; x_wconf 88' lang='lat' dir='ltr'><strong>omnes</strong></span> <span class='ocrx_word' id='word_1_131' title='bbox 1155 2176 1275 2236; x_wconf 88' lang='lat' dir='ltr'><strong>caelites</strong></span> <span class='ocrx_word' id='word_1_132' title='bbox 1313 2177 1457 2254; x_wconf 86' lang='lat' dir='ltr'><strong>agricolas</strong></span> 
     </span>
     <span class='ocr_line' id='line_1_20' title="bbox 338 2265 1313 2343; baseline 0.001 -19"><span class='ocrx_word' id='word_1_133' title='bbox 338 2265 535 2340; x_wconf 84' lang='lat' dir='ltr'><strong>complectens</strong></span> <span class='ocrx_word' id='word_1_134' title='bbox 559 2265 670 2340; x_wconf 90' lang='lat' dir='ltr'><strong>optime</strong></span> <span class='ocrx_word' id='word_1_135' title='bbox 694 2285 783 2324; x_wconf 89' lang='lat' dir='ltr'><strong>versu</strong></span> <span class='ocrx_word' id='word_1_136' title='bbox 809 2271 848 2330; x_wconf 91' lang='grc'><strong>37</strong></span> <span class='ocrx_word' id='word_1_137' title='bbox 874 2266 917 2324; x_wconf 89' lang='lat' dir='ltr'><strong>sic</strong></span> <span class='ocrx_word' id='word_1_138' title='bbox 940 2285 1064 2343; x_wconf 86' lang='lat' dir='ltr'><strong>pergere</strong></span> <span class='ocrx_word' id='word_1_139' title='bbox 1087 2265 1189 2340; x_wconf 89' lang='lat' dir='ltr'><strong>potuit</strong></span> <span class='ocrx_word' id='word_1_140' title='bbox 1211 2269 1313 2341; x_wconf 89' lang='lat' dir='ltr'><strong>poeta:</strong></span> 
     </span>
    </p>
   </div>
   <div class='ocr_carea' id='block_1_5' title="bbox 542 2371 1276 2538">
    <p class='ocr_par' dir='ltr' id='par_1_7' title="bbox 542 2371 1276 2538">
     <span class='ocr_line' id='line_1_21' title="bbox 542 2371 1276 2449; baseline 0.003 -20"><span class='ocrx_word' id='word_1_141' title='bbox 542 2371 667 2445; x_wconf 77' lang='lat' dir='ltr'><strong>adsitis,</strong></span> <span class='ocrx_word' id='word_1_142' title='bbox 692 2371 764 2443; x_wconf 85' lang='lat' dir='ltr'><strong>divi,</strong></span> <span class='ocrx_word' id='word_1_143' title='bbox 789 2392 849 2431; x_wconf 90' lang='lat' dir='ltr'><strong>neu</strong></span> <span class='ocrx_word' id='word_1_144' title='bbox 872 2391 925 2431; x_wconf 87' lang='lat' dir='ltr'><strong>vos</strong></span> <span class='ocrx_word' id='word_1_145' title='bbox 949 2392 964 2430; x_wconf 89' lang='lat' dir='ltr'><strong>e</strong></span> <span class='ocrx_word' id='word_1_146' title='bbox 987 2392 1119 2448; x_wconf 90' lang='lat' dir='ltr'><strong>paupere</strong></span> <span class='ocrx_word' id='word_1_147' title='bbox 1142 2391 1244 2432; x_wconf 89' lang='lat' dir='ltr'><strong>mensa</strong></span> <span class='ocrx_word' id='word_1_148' title='bbox 1274 2445 1276 2449; x_wconf 13' lang='lat' dir='ltr'>y</span> 
     </span>
     <span class='ocr_line' id='line_1_22' title="bbox 586 2461 1266 2538; baseline 0.004 -20"><span class='ocrx_word' id='word_1_149' title='bbox 586 2461 672 2519; x_wconf 91' lang='lat' dir='ltr'><strong>Dona</strong></span> <span class='ocrx_word' id='word_1_150' title='bbox 694 2479 749 2520; x_wconf 89' lang='lat' dir='ltr'><strong>nec</strong></span> <span class='ocrx_word' id='word_1_151' title='bbox 774 2480 789 2519; x_wconf 87' lang='lat' dir='ltr'><strong>a</strong></span> <span class='ocrx_word' id='word_1_152' title='bbox 812 2461 895 2536; x_wconf 88' lang='lat' dir='ltr'><strong>puris</strong></span> <span class='ocrx_word' id='word_1_153' title='bbox 919 2463 1049 2538; x_wconf 83' lang='lat' dir='ltr'><strong>spernite</strong></span> <span class='ocrx_word' id='word_1_154' title='bbox 1071 2461 1215 2520; x_wconf 90' lang='lat' dir='ltr'><strong>fictilibus</strong></span> <span class='ocrx_word' id='word_1_155' title='bbox 1232 2497 1266 2505; x_wconf 96' lang='lat'>-</span> 
     </span>
    </p>
   </div>
   <div class='ocr_carea' id='block_1_6' title="bbox 336 2577 1457 4175">
    <p class='ocr_par' dir='ltr' id='par_1_8' title="bbox 336 2577 1457 4175">
     <span class='ocr_line' id='line_1_23' title="bbox 338 2577 1457 2647; baseline 0 -10"><span class='ocrx_word' id='word_1_156' title='bbox 338 2581 438 2637; x_wconf 88' lang='lat' dir='ltr'><strong>tamen</strong></span> <span class='ocrx_word' id='word_1_157' title='bbox 473 2577 530 2635; x_wconf 87' lang='lat' dir='ltr'><strong>nisi</strong></span> <span class='ocrx_word' id='word_1_158' title='bbox 565 2577 640 2636; x_wconf 89' lang='lat' dir='ltr'><strong>aliae</strong></span> <span class='ocrx_word' id='word_1_159' title='bbox 674 2577 937 2636; x_wconf 84' lang='lat' dir='ltr'><strong>transmutationis</strong></span> <span class='ocrx_word' id='word_1_160' title='bbox 972 2596 1077 2636; x_wconf 88' lang='lat' dir='ltr'><strong>causae</strong></span> <span class='ocrx_word' id='word_1_161' title='bbox 1112 2577 1273 2647; x_wconf 87' lang='lat' dir='ltr'><strong>accedunt,</strong></span> <span class='ocrx_word' id='word_1_162' title='bbox 1307 2596 1369 2636; x_wconf 92' lang='lat' dir='ltr'><strong>una</strong></span> <span class='ocrx_word' id='word_1_163' title='bbox 1402 2578 1457 2637; x_wconf 90' lang='lat' dir='ltr'><strong>hac</strong></span> 
     </span>
     <span class='ocr_line' id='line_1_24' title="bbox 338 2665 1457 2744; baseline -0.001 -19"><span class='ocrx_word' id='word_1_164' title='bbox 338 2665 515 2726; x_wconf 87' lang='lat' dir='ltr'><strong>transitione</strong></span> <span class='ocrx_word' id='word_1_165' title='bbox 548 2668 716 2743; x_wconf 91' lang='lat' dir='ltr'><strong>opportuna</strong></span> <span class='ocrx_word' id='word_1_166' title='bbox 739 2684 843 2725; x_wconf 86' lang='lat' dir='ltr'><strong>vorsus</strong></span> <span class='ocrx_word' id='word_1_167' title='bbox 876 2684 924 2725; x_wconf 90' lang='lat' dir='ltr'><strong>eos</strong></span> <span class='ocrx_word' id='word_1_168' title='bbox 957 2667 993 2725; x_wconf 92' lang='lat' dir='ltr'><strong>de</strong></span> <span class='ocrx_word' id='word_1_169' title='bbox 1021 2667 1132 2741; x_wconf 88' lang='lat' dir='ltr'><strong>quibus</strong></span> <span class='ocrx_word' id='word_1_170' title='bbox 1160 2666 1280 2744; x_wconf 90' lang='lat' dir='ltr'><strong>agitur,</strong></span> <span class='ocrx_word' id='word_1_171' title='bbox 1312 2666 1344 2723; x_wconf 92' lang='lat' dir='ltr'><strong>in</strong></span> <span class='ocrx_word' id='word_1_172' title='bbox 1374 2666 1457 2725; x_wconf 91' lang='lat' dir='ltr'><strong>libris</strong></span> 
     </span>
     <span class='ocr_line' id='line_1_25' title="bbox 338 2755 1456 2831; baseline -0.001 -17"><span class='ocrx_word' id='word_1_173' title='bbox 338 2755 456 2830; x_wconf 86' lang='lat' dir='ltr'><strong>scriptis</strong></span> <span class='ocrx_word' id='word_1_174' title='bbox 481 2755 576 2814; x_wconf 91' lang='lat' dir='ltr'><strong>alieno</strong></span> <span class='ocrx_word' id='word_1_175' title='bbox 599 2756 662 2814; x_wconf 93' lang='lat' dir='ltr'><strong>loco</strong></span> <span class='ocrx_word' id='word_1_176' title='bbox 687 2758 789 2814; x_wconf 85' lang='lat' dir='ltr'><strong>extare</strong></span> <span class='ocrx_word' id='word_1_177' title='bbox 811 2755 897 2814; x_wconf 92' lang='lat' dir='ltr'><strong>nobis</strong></span> <span class='ocrx_word' id='word_1_178' title='bbox 921 2755 1042 2831; x_wconf 89' lang='lat' dir='ltr'><strong>probari</strong></span> <span class='ocrx_word' id='word_1_179' title='bbox 1058 2755 1174 2831; x_wconf 88' lang='lat' dir='ltr'><strong>nequit,</strong></span> <span class='ocrx_word' id='word_1_180' title='bbox 1198 2755 1374 2831; x_wconf 86' lang='lat' dir='ltr'><strong>praesertim</strong></span> <span class='ocrx_word' id='word_1_181' title='bbox 1390 2775 1456 2815; x_wconf 89' lang='lat' dir='ltr'><strong>cum</strong></span> 
     </span>
     <span class='ocr_line' id='line_1_26' title="bbox 337 2844 1405 2909; baseline -0.001 -6"><span class='ocrx_word' id='word_1_182' title='bbox 337 2846 439 2904; x_wconf 88' lang='lat' dir='ltr'><strong>tantas</strong></span> <span class='ocrx_word' id='word_1_183' title='bbox 463 2845 695 2903; x_wconf 79' lang='lat' dir='ltr'><strong>offensicnasex</strong></span> <span class='ocrx_word' id='word_1_184' title='bbox 717 2844 894 2902; x_wconf 87' lang='lat' dir='ltr'><strong>traiectione</strong></span> <span class='ocrx_word' id='word_1_185' title='bbox 918 2844 1113 2904; x_wconf 90' lang='lat' dir='ltr'><strong>distichorum</strong></span> <span class='ocrx_word' id='word_1_186' title='bbox 1137 2844 1300 2903; x_wconf 88' lang='lat' dir='ltr'><strong>viderimus</strong></span> <span class='ocrx_word' id='word_1_187' title='bbox 1324 2844 1405 2909; x_wconf 80' lang='lat' dir='ltr'><strong>oriri.</strong></span> 
     </span>
     <span class='ocr_line' id='line_1_27' title="bbox 428 2932 1457 3009; baseline -0.001 -17"><span class='ocrx_word' id='word_1_188' title='bbox 428 2933 493 3004; x_wconf 86' lang='lat' dir='ltr'><strong>Qua</strong></span> <span class='ocrx_word' id='word_1_189' title='bbox 517 2933 552 2991; x_wconf 88' lang='lat' dir='ltr'><strong>dc</strong></span> <span class='ocrx_word' id='word_1_190' title='bbox 575 2952 607 2992; x_wconf 89' lang='lat' dir='ltr'><strong>re</strong></span> <span class='ocrx_word' id='word_1_191' title='bbox 630 2953 667 2992; x_wconf 90' lang='lat' dir='ltr'><strong>ne</strong></span> <span class='ocrx_word' id='word_1_192' title='bbox 690 2933 788 2992; x_wconf 89' lang='lat' dir='ltr'><strong>Prieni</strong></span> <span class='ocrx_word' id='word_1_193' title='bbox 804 2932 826 3008; x_wconf 90' lang='lat'><strong>¹)</strong></span> <span class='ocrx_word' id='word_1_194' title='bbox 858 2933 979 3009; x_wconf 90' lang='lat' dir='ltr'><strong>quidem</strong></span> <span class='ocrx_word' id='word_1_195' title='bbox 1010 2933 1174 2992; x_wconf 86' lang='lat' dir='ltr'><strong>sententiaa</strong></span> <span class='ocrx_word' id='word_1_196' title='bbox 1201 2937 1237 2992; x_wconf 90' lang='lat' dir='ltr'><strong>ut</strong></span> <span class='ocrx_word' id='word_1_197' title='bbox 1260 2933 1457 2992; x_wconf 86' lang='lat' dir='ltr'><strong>assentiamur</strong></span> 
     </span>
     <span class='ocr_line' id='line_1_28' title="bbox 338 3021 1456 3101; baseline -0.001 -19"><span class='ocrx_word' id='word_1_198' title='bbox 338 3041 497 3101; x_wconf 89' lang='lat' dir='ltr'><strong>possumus</strong></span> <span class='ocrx_word' id='word_1_199' title='bbox 528 3021 639 3085; x_wconf 87' lang='lat' dir='ltr'><strong>induci.</strong></span> <span class='ocrx_word' id='word_1_200' title='bbox 685 3021 742 3081; x_wconf 89' lang='lat' dir='ltr'><strong>Hic</strong></span> <span class='ocrx_word' id='word_1_201' title='bbox 773 3022 852 3082; x_wconf 89' lang='lat' dir='ltr'><strong>enim</strong></span> <span class='ocrx_word' id='word_1_202' title='bbox 875 3023 922 3081; x_wconf 91' lang='lat' dir='ltr'><strong>vir</strong></span> <span class='ocrx_word' id='word_1_203' title='bbox 953 3023 1058 3082; x_wconf 87' lang='lat' dir='ltr'><strong>doctus</strong></span> <span class='ocrx_word' id='word_1_204' title='bbox 1082 3044 1099 3082; x_wconf 93' lang='lat' dir='ltr'><strong>a</strong></span> <span class='ocrx_word' id='word_1_205' title='bbox 1122 3022 1267 3100; x_wconf 85' lang='lat' dir='ltr'><strong>Scaligeri</strong></span> <span class='ocrx_word' id='word_1_206' title='bbox 1293 3023 1456 3098; x_wconf 90' lang='lat' dir='ltr'><strong>transposi-</strong></span> 
     </span>
     <span class='ocr_line' id='line_1_29' title="bbox 337 3111 1457 3187; baseline -0.001 -16"><span class='ocrx_word' id='word_1_207' title='bbox 337 3113 469 3172; x_wconf 88' lang='lat' dir='ltr'><strong>tionibus</strong></span> <span class='ocrx_word' id='word_1_208' title='bbox 498 3111 651 3187; x_wconf 86' lang='lat' dir='ltr'><strong>profectus</strong></span> <span class='ocrx_word' id='word_1_209' title='bbox 681 3130 785 3170; x_wconf 86' lang='lat' dir='ltr'><strong>versus</strong></span> <span class='ocrx_word' id='word_1_210' title='bbox 822 3116 949 3175; x_wconf 79' lang='lat'>19—24</span> <span class='ocrx_word' id='word_1_211' title='bbox 981 3115 1049 3170; x_wconf 89' lang='lat' dir='ltr'><strong>ante</strong></span> <span class='ocrx_word' id='word_1_212' title='bbox 1073 3118 1113 3176; x_wconf 84' lang='lat'><strong>37</strong></span> <span class='ocrx_word' id='word_1_213' title='bbox 1138 3112 1322 3182; x_wconf 88' lang='lat' dir='ltr'><strong>inserendos,</strong></span> <span class='ocrx_word' id='word_1_214' title='bbox 1354 3130 1457 3171; x_wconf 90' lang='lat' dir='ltr'><strong>versus</strong></span> 
     </span>
     <span class='ocr_line' id='line_1_30' title="bbox 338 3201 1455 3276; baseline 0 -15"><span class='ocrx_word' id='word_1_215' title='bbox 338 3206 440 3262; x_wconf 90' lang='lat' dir='ltr'><strong>autem</strong></span> <span class='ocrx_word' id='word_1_216' title='bbox 465 3206 482 3263; x_wconf 83' lang='lat'><strong>7</strong></span> <span class='ocrx_word' id='word_1_217' title='bbox 508 3221 551 3276; x_wconf 85' lang='lat' dir='ltr'><strong>sq.</strong></span> <span class='ocrx_word' id='word_1_218' title='bbox 578 3202 608 3258; x_wconf 88' lang='lat' dir='ltr'><strong>ct</strong></span> <span class='ocrx_word' id='word_1_219' title='bbox 633 3205 672 3264; x_wconf 93' lang='lat'><strong>33</strong></span> <span class='ocrx_word' id='word_1_220' title='bbox 697 3218 740 3276; x_wconf 88' lang='lat' dir='ltr'><strong>sq.</strong></span> <span class='ocrx_word' id='word_1_221' title='bbox 765 3203 801 3259; x_wconf 93' lang='lat' dir='ltr'><strong>ut</strong></span> <span class='ocrx_word' id='word_1_222' title='bbox 832 3201 1043 3276; x_wconf 89' lang='lat' dir='ltr'><strong>suppositicios</strong></span> <span class='ocrx_word' id='word_1_223' title='bbox 1074 3202 1219 3261; x_wconf 88' lang='lat' dir='ltr'><strong>eiciendos</strong></span> <span class='ocrx_word' id='word_1_224' title='bbox 1244 3219 1306 3260; x_wconf 89' lang='lat' dir='ltr'><strong>osse</strong></span> <span class='ocrx_word' id='word_1_225' title='bbox 1329 3201 1455 3261; x_wconf 87' lang='lat' dir='ltr'><strong>censuit.</strong></span> 
     </span>
     <span class='ocr_line' id='line_1_31' title="bbox 336 3289 1456 3366; baseline 0.001 -18"><span class='ocrx_word' id='word_1_226' title='bbox 336 3291 379 3350; x_wconf 90' lang='lat' dir='ltr'><strong>At</strong></span> <span class='ocrx_word' id='word_1_227' title='bbox 402 3293 433 3349; x_wconf 91' lang='lat' dir='ltr'><strong>in</strong></span> <span class='ocrx_word' id='word_1_228' title='bbox 457 3295 563 3350; x_wconf 85' lang='lat' dir='ltr'><strong>neutro</strong></span> <span class='ocrx_word' id='word_1_229' title='bbox 587 3291 695 3349; x_wconf 89' lang='lat' dir='ltr'><strong>horum</strong></span> <span class='ocrx_word' id='word_1_230' title='bbox 719 3289 915 3349; x_wconf 84' lang='lat' dir='ltr'><strong>distichorum</strong></span> <span class='ocrx_word' id='word_1_231' title='bbox 939 3290 1106 3366; x_wconf 91' lang='lat' dir='ltr'><strong>quidquam</strong></span> <span class='ocrx_word' id='word_1_232' title='bbox 1128 3291 1224 3366; x_wconf 91' lang='lat' dir='ltr'><strong>spurii</strong></span> <span class='ocrx_word' id='word_1_233' title='bbox 1254 3290 1350 3349; x_wconf 87' lang='lat' dir='ltr'><strong>inesse</strong></span> <span class='ocrx_word' id='word_1_234' title='bbox 1374 3291 1456 3350; x_wconf 91' lang='lat' dir='ltr'><strong>vide-</strong></span> 
     </span>
     <span class='ocr_line' id='line_1_32' title="bbox 336 3379 1455 3455; baseline -0.002 -16"><span class='ocrx_word' id='word_1_235' title='bbox 336 3384 406 3452; x_wconf 87' lang='lat' dir='ltr'><strong>tur;</strong></span> <span class='ocrx_word' id='word_1_236' title='bbox 431 3399 533 3439; x_wconf 87' lang='lat' dir='ltr'><strong>versus</strong></span> <span class='ocrx_word' id='word_1_237' title='bbox 559 3382 638 3439; x_wconf 88' lang='lat' dir='ltr'><strong>corte</strong></span> <span class='ocrx_word' id='word_1_238' title='bbox 659 3384 699 3443; x_wconf 87' lang='lat'><strong>33</strong></span> <span class='ocrx_word' id='word_1_239' title='bbox 725 3398 768 3455; x_wconf 89' lang='lat' dir='ltr'><strong>sq.</strong></span> <span class='ocrx_word' id='word_1_240' title='bbox 793 3398 851 3437; x_wconf 92' lang='lat' dir='ltr'><strong>non</strong></span> <span class='ocrx_word' id='word_1_241' title='bbox 875 3384 997 3455; x_wconf 88' lang='lat' dir='ltr'><strong>propter</strong></span> <span class='ocrx_word' id='word_1_242' title='bbox 1020 3380 1076 3439; x_wconf 92' lang='lat' dir='ltr'><strong>hoc</strong></span> <span class='ocrx_word' id='word_1_243' title='bbox 1099 3399 1195 3437; x_wconf 91' lang='lat' dir='ltr'><strong>unum</strong></span> <span class='ocrx_word' id='word_1_244' title='bbox 1217 3379 1326 3438; x_wconf 86' lang='lat' dir='ltr'><strong>reicere</strong></span> <span class='ocrx_word' id='word_1_245' title='bbox 1349 3397 1455 3454; x_wconf 90' lang='lat' dir='ltr'><strong>possu-</strong></span> 
     </span>
     <span class='ocr_line' id='line_1_33' title="bbox 336 3469 1457 3546; baseline -0.001 -19"><span class='ocrx_word' id='word_1_246' title='bbox 336 3489 413 3541; x_wconf 74' lang='lat' dir='ltr'><strong>mus</strong></span> <span class='ocrx_word' id='word_1_247' title='bbox 439 3471 519 3546; x_wconf 90' lang='lat' dir='ltr'><strong>quod</strong></span> <span class='ocrx_word' id='word_1_248' title='bbox 542 3469 621 3528; x_wconf 89' lang='lat' dir='ltr'><strong>inter</strong></span> <span class='ocrx_word' id='word_1_249' title='bbox 644 3471 750 3528; x_wconf 87' lang='lat' dir='ltr'><strong>votum</strong></span> <span class='ocrx_word' id='word_1_250' title='bbox 773 3472 878 3544; x_wconf 88' lang='lat' dir='ltr'><strong>poetae</strong></span> <span class='ocrx_word' id='word_1_251' title='bbox 899 3470 981 3544; x_wconf 86' lang='lat' dir='ltr'><strong>¹quod</strong></span> <span class='ocrx_word' id='word_1_252' title='bbox 1004 3489 1033 3528; x_wconf 86' lang='lat' dir='ltr'><strong>v.</strong></span> <span class='ocrx_word' id='word_1_253' title='bbox 1053 3474 1093 3532; x_wconf 81' lang='lat'><strong>25</strong></span> <span class='ocrx_word' id='word_1_254' title='bbox 1118 3469 1306 3528; x_wconf 89' lang='lat' dir='ltr'><strong>contineatur</strong></span> <span class='ocrx_word' id='word_1_255' title='bbox 1330 3469 1457 3544; x_wconf 91' lang='lat' dir='ltr'><strong>(Possim</strong></span> 
     </span>
     <span class='ocr_line' id='line_1_34' title="bbox 337 3554 1455 3634; baseline -0.004 -16"><span class='ocrx_word' id='word_1_256' title='bbox 337 3563 494 3619; x_wconf 89' lang='lat' dir='ltr'><strong>contentus</strong></span> <span class='ocrx_word' id='word_1_257' title='bbox 517 3559 618 3618; x_wconf 79' lang='lat' dir='ltr'><strong>vivere</strong></span> <span class='ocrx_word' id='word_1_258' title='bbox 641 3561 747 3634; x_wconf 85' lang='lat' dir='ltr'><strong>parvo)</strong></span> <span class='ocrx_word' id='word_1_259' title='bbox 780 3559 810 3617; x_wconf 90' lang='lat' dir='ltr'><strong>et</strong></span> <span class='ocrx_word' id='word_1_260' title='bbox 842 3577 962 3618; x_wconf 90' lang='lat' dir='ltr'><strong>causam</strong></span> <span class='ocrx_word' id='word_1_261' title='bbox 987 3559 1067 3630; x_wconf 84' lang='lat' dir='ltr'><strong>voti,</strong></span> <span class='ocrx_word' id='word_1_262' title='bbox 1101 3578 1192 3634; x_wconf 89' lang='lat' dir='ltr'><strong>quam</strong></span> <span class='ocrx_word' id='word_1_263' title='bbox 1216 3577 1244 3617; x_wconf 87' lang='lat' dir='ltr'><strong>v.</strong></span> <span class='ocrx_word' id='word_1_264' title='bbox 1271 3554 1311 3622; x_wconf 87' lang='lat'><strong>35</strong></span> <span class='ocrx_word' id='word_1_265' title='bbox 1336 3577 1380 3634; x_wconf 89' lang='lat' dir='ltr'><strong>sq.</strong></span> <span class='ocrx_word' id='word_1_266' title='bbox 1406 3577 1455 3618; x_wconf 83' lang='lat' dir='ltr'><strong>ex·</strong></span> 
     </span>
     <span class='ocr_line' id='line_1_35' title="bbox 337 3647 1455 3725; baseline -0.003 -18"><span class='ocrx_word' id='word_1_267' title='bbox 337 3649 408 3724; x_wconf 90' lang='lat' dir='ltr'><strong>poni</strong></span> <span class='ocrx_word' id='word_1_268' title='bbox 432 3649 475 3708; x_wconf 92' lang='lat' dir='ltr'><strong>ait</strong></span> <span class='ocrx_word' id='word_1_269' title='bbox 490 3649 537 3707; x_wconf 84' lang='lat' dir='ltr'><strong>vir</strong></span> <span class='ocrx_word' id='word_1_270' title='bbox 553 3647 659 3706; x_wconf 90' lang='lat' dir='ltr'><strong>doctus</strong></span> <span class='ocrx_word' id='word_1_271' title='bbox 684 3647 755 3722; x_wconf 84' lang='lat' dir='ltr'><strong>(Hic</strong></span> <span class='ocrx_word' id='word_1_272' title='bbox 779 3666 834 3725; x_wconf 89' lang='lat' dir='ltr'><strong>ego</strong></span> <span class='ocrx_word' id='word_1_273' title='bbox 857 3651 1068 3724; x_wconf 84' lang='lat' dir='ltr'><strong>pastoremque</strong></span> <span class='ocrx_word' id='word_1_274' title='bbox 1090 3667 1191 3707; x_wconf 91' lang='lat' dir='ltr'><strong>meum</strong></span> <span class='ocrx_word' id='word_1_275' title='bbox 1214 3648 1343 3706; x_wconf 89' lang='lat' dir='ltr'><strong>lustrare</strong></span> <span class='ocrx_word' id='word_1_276' title='bbox 1367 3649 1455 3722; x_wconf 88' lang='lat' dir='ltr'><strong>quot-</strong></span> 
     </span>
     <span class='ocr_line' id='line_1_36' title="bbox 337 3737 1456 3814; baseline -0.001 -19"><span class='ocrx_word' id='word_1_277' title='bbox 337 3739 420 3797; x_wconf 88' lang='lat' dir='ltr'><strong>annis</strong></span> <span class='ocrx_word' id='word_1_278' title='bbox 452 3741 521 3814; x_wconf 86' lang='lat' dir='ltr'><strong>etc.)</strong></span> <span class='ocrx_word' id='word_1_279' title='bbox 553 3737 598 3795; x_wconf 91' lang='lat' dir='ltr'><strong>illi</strong></span> <span class='ocrx_word' id='word_1_280' title='bbox 626 3737 686 3795; x_wconf 90' lang='lat' dir='ltr'><strong>siut</strong></span> <span class='ocrx_word' id='word_1_281' title='bbox 717 3737 930 3812; x_wconf 90' lang='lat' dir='ltr'><strong>inopportuni;</strong></span> <span class='ocrx_word' id='word_1_282' title='bbox 964 3757 1054 3812; x_wconf 91' lang='lat' dir='ltr'><strong>quam</strong></span> <span class='ocrx_word' id='word_1_283' title='bbox 1078 3756 1148 3796; x_wconf 81' lang='lat' dir='ltr'><strong>vero</strong></span> <span class='ocrx_word' id='word_1_284' title='bbox 1180 3739 1218 3796; x_wconf 93' lang='lat' dir='ltr'><strong>ob</strong></span> <span class='ocrx_word' id='word_1_285' title='bbox 1249 3757 1311 3796; x_wconf 88' lang='lat' dir='ltr'><strong>rem</strong></span> <span class='ocrx_word' id='word_1_286' title='bbox 1339 3738 1456 3795; x_wconf 86' lang='lat' dir='ltr'><strong>eosdem</strong></span> 
     </span>
     <span class='ocr_line' id='line_1_37' title="bbox 337 3823 1453 3904; baseline 0.003 -19"><span class='ocrx_word' id='word_1_287' title='bbox 337 3846 441 3887; x_wconf 84' lang='lat' dir='ltr'><strong>versus</strong></span> <span class='ocrx_word' id='word_1_288' title='bbox 465 3827 560 3887; x_wconf 89' lang='lat' dir='ltr'><strong>totius</strong></span> <span class='ocrx_word' id='word_1_289' title='bbox 584 3826 724 3887; x_wconf 87' lang='lat' dir='ltr'><strong>carminis</strong></span> <span class='ocrx_word' id='word_1_290' title='bbox 757 3827 921 3886; x_wconf 87' lang='lat' dir='ltr'><strong>sententiae</strong></span> <span class='ocrx_word' id='word_1_291' title='bbox 949 3826 1109 3901; x_wconf 89' lang='lat' dir='ltr'><strong>primariae</strong></span> <span class='ocrx_word' id='word_1_292' title='bbox 1138 3823 1286 3904; x_wconf 86' lang='lat' dir='ltr'><strong>(versibus</strong></span> <span class='ocrx_word' id='word_1_293' title='bbox 1311 3829 1453 3898; x_wconf 80' lang='lat'>25-28)</span> 
     </span>
     <span class='ocr_line' id='line_1_38' title="bbox 336 3915 1455 3994; baseline -0.004 -18"><span class='ocrx_word' id='word_1_294' title='bbox 336 3937 504 3994; x_wconf 84' lang='lat' dir='ltr'><strong>repugnare</strong></span> <span class='ocrx_word' id='word_1_295' title='bbox 528 3919 647 3977; x_wconf 88' lang='lat' dir='ltr'><strong>censeat</strong></span> <span class='ocrx_word' id='word_1_296' title='bbox 670 3916 731 3987; x_wconf 90' lang='lat' dir='ltr'><strong>ille,</strong></span> <span class='ocrx_word' id='word_1_297' title='bbox 756 3915 930 3993; x_wconf 83' lang='lat' dir='ltr'><strong>intellegere</strong></span> <span class='ocrx_word' id='word_1_298' title='bbox 947 3934 1079 3991; x_wconf 80' lang='lat' dir='ltr'><strong>nequa03</strong></span> <span class='ocrx_word' id='word_1_299' title='bbox 1103 3915 1194 3974; x_wconf 92' lang='lat' dir='ltr'><strong>immo</strong></span> <span class='ocrx_word' id='word_1_300' title='bbox 1217 3916 1329 3990; x_wconf 90' lang='lat' dir='ltr'><strong>optime</strong></span> <span class='ocrx_word' id='word_1_301' title='bbox 1352 3935 1455 3974; x_wconf 89' lang='lat' dir='ltr'><strong>curam</strong></span> 
     </span>
     <span class='ocr_line' id='line_1_39' title="bbox 337 4005 1455 4083; baseline -0.003 -18"><span class='ocrx_word' id='word_1_302' title='bbox 337 4027 401 4066; x_wconf 86' lang='lat' dir='ltr'><strong>eam</strong></span> <span class='ocrx_word' id='word_1_303' title='bbox 425 4026 516 4083; x_wconf 91' lang='lat' dir='ltr'><strong>quam</strong></span> <span class='ocrx_word' id='word_1_304' title='bbox 539 4006 570 4063; x_wconf 88' lang='lat' dir='ltr'><strong>iu</strong></span> <span class='ocrx_word' id='word_1_305' title='bbox 593 4024 686 4081; x_wconf 90' lang='lat' dir='ltr'><strong>parvo</strong></span> <span class='ocrx_word' id='word_1_306' title='bbox 719 4024 772 4064; x_wconf 93' lang='lat' dir='ltr'><strong>suo</strong></span> <span class='ocrx_word' id='word_1_307' title='bbox 804 4025 895 4082; x_wconf 82' lang='lat' dir='ltr'><strong>grege</strong></span> <span class='ocrx_word' id='word_1_308' title='bbox 925 4008 1014 4080; x_wconf 86' lang='lat' dir='ltr'><strong>poeta</strong></span> <span class='ocrx_word' id='word_1_309' title='bbox 1045 4023 1217 4063; x_wconf 89' lang='lat' dir='ltr'><strong>consumere</strong></span> <span class='ocrx_word' id='word_1_310' title='bbox 1240 4023 1302 4064; x_wconf 92' lang='lat' dir='ltr'><strong>sese</strong></span> <span class='ocrx_word' id='word_1_311' title='bbox 1326 4005 1455 4064; x_wconf 90' lang='lat' dir='ltr'><strong>ostendit</strong></span> 
     </span>
     <span class='ocr_line' id='line_1_40' title="bbox 337 4093 1452 4175; baseline -0.003 -20"><span class='ocrx_word' id='word_1_312' title='bbox 337 4099 379 4171; x_wconf 92' lang='lat' dir='ltr'><strong>(v.</strong></span> <span class='ocrx_word' id='word_1_313' title='bbox 405 4095 561 4175; x_wconf 81' lang='lat'><strong>29-32),</strong></span> <span class='ocrx_word' id='word_1_314' title='bbox 590 4095 737 4154; x_wconf 88' lang='lat' dir='ltr'><strong>illustrari</strong></span> <span class='ocrx_word' id='word_1_315' title='bbox 761 4094 821 4153; x_wconf 88' lang='lat' dir='ltr'><strong>illis</strong></span> <span class='ocrx_word' id='word_1_316' title='bbox 844 4095 989 4153; x_wconf 83' lang='lat' dir='ltr'><strong>videmus</strong></span> <span class='ocrx_word' id='word_1_317' title='bbox 1009 4130 1048 4137; x_wconf 92' lang='lat'><em>-</em></span> <span class='ocrx_word' id='word_1_318' title='bbox 1072 4093 1178 4170; x_wconf 86' lang='lat' dir='ltr'><strong>Neque</strong></span> <span class='ocrx_word' id='word_1_319' title='bbox 1201 4094 1337 4154; x_wconf 88' lang='lat' dir='ltr'><strong>versibus</strong></span> <span class='ocrx_word' id='word_1_320' title='bbox 1363 4100 1452 4169; x_wconf 83' lang='lat' dir='ltr'><strong>7sq.,</strong></span> 
     </span>
    </p>
   </div>
   <div class='ocr_carea' id='block_1_7' title="bbox 380 4288 1209 4358">
    <p class='ocr_par' dir='ltr' id='par_1_9' title="bbox 380 4288 1209 4358">
     <span class='ocr_line' id='line_1_41' title="bbox 380 4288 1209 4358; baseline -0.004 -14"><span class='ocrx_word' id='word_1_321' title='bbox 380 4304 382 4309; x_wconf 90' lang='grc'><strong><em>·</em></strong></span> <span class='ocrx_word' id='word_1_322' title='bbox 427 4289 453 4356; x_wconf 88' lang='grc'><strong>1)</strong></span> <span class='ocrx_word' id='word_1_323' title='bbox 473 4289 646 4345; x_wconf 81' lang='lat' dir='ltr'><strong>Fleckeiseni</strong></span> <span class='ocrx_word' id='word_1_324' title='bbox 665 4307 729 4342; x_wconf 91' lang='lat' dir='ltr'><strong>ann.</strong></span> <span class='ocrx_word' id='word_1_325' title='bbox 748 4290 802 4344; x_wconf 83' lang='lat' dir='ltr'><strong>vol.</strong></span> <span class='ocrx_word' id='word_1_326' title='bbox 822 4289 895 4354; x_wconf 86' lang='lat' dir='ltr'><strong>XVl,</strong></span> <span class='ocrx_word' id='word_1_327' title='bbox 917 4288 993 4354; x_wconf 75' lang='lat'>1870,</span> <span class='ocrx_word' id='word_1_328' title='bbox 1012 4308 1059 4358; x_wconf 88' lang='lat' dir='ltr'><strong>pg.</strong></span> <span class='ocrx_word' id='word_1_329' title='bbox 1079 4288 1130 4340; x_wconf 87' lang='grc'><strong>689</strong></span> <span class='ocrx_word' id='word_1_330' title='bbox 1150 4307 1209 4356; x_wconf 86' lang='lat' dir='ltr'><strong>sqq.</strong></span> 
     </span>
    </p>
   </div>
   <div class='ocr_carea' id='block_1_8' title="bbox 1597 3570 1599 3635">
    <p class='ocr_par' dir='ltr' id='par_1_10' title="bbox 1597 3570 1599 3635">
     <span class='ocr_line' id='line_1_42' title="bbox 1597 3570 1599 3601; baseline 0 0"><span class='ocrx_word' id='word_1_331' title='bbox 1597 3570 1599 3601; x_wconf 83' lang='lat' dir='ltr'><strong>t</strong></span> 
     </span>
     <span class='ocr_line' id='line_1_43' title="bbox 1597 3610 1599 3635; baseline 0 0"><span class='ocrx_word' id='word_1_332' title='bbox 1597 3610 1599 3635; x_wconf 84' lang='lat' dir='ltr'><strong>t</strong></span> 
     </span>
    </p>
   </div>
   <div class='ocr_carea' id='block_1_9' title="bbox 0 0 1626 5084">
    <p class='ocr_par' dir='ltr' id='par_1_11' title="bbox 0 0 1626 5084">
     <span class='ocr_line' id='line_1_44' title="bbox 0 0 1626 5084; baseline 0 0"><span class='ocrx_word' id='word_1_333' title='bbox 0 0 1626 5084; x_wconf 95' lang='lat' dir='ltr'><strong> </strong></span> 
     </span>
    </p>
   </div>
  </div>
 </body>
</html>
