3242 5084
778 392 999 450 ..40-

330 563 356 622 G
380 567 552 639 assumptae
583 569 638 625 aut
669 565 824 642 exipsius
854 564 1078 640 interpolatoris
1099 564 1220 641 ingenio
1243 564 1365 639 petitae.
1413 562 1452 622 In

329 652 462 711 medium
491 654 640 728 proferam
663 655 735 715 has:
767 654 793 727 I,
822 659 849 725 l,
874 659 937 718 43:
967 653 993 727 I,
1022 660 1048 725 1,
1074 659 1132 718 43;
1167 654 1216 712 vel
1238 653 1338 712 Parva
1367 669 1452 730 seges

329 742 402 801 satis
433 746 495 813 est,
529 745 601 802 satis
633 748 679 803 est
709 764 734 802 e.
760 763 788 818 q.
813 762 856 812 s.,
890 763 959 802 cum
990 744 1023 801 in
1052 743 1117 818 ipso
1146 743 1284 802 carminis
1306 745 1451 802 contextu

330 834 412 890 extet
449 832 673 908 interpolatoris
713 832 944 908 Guelferbytani
986 836 1205 892 commentum:
1245 832 1345 890 Parva
1379 830 1451 889 satis

328 925 431 980 mensa
453 924 516 996 est,
546 923 619 981 satis
652 924 697 982 est
720 925 776 981 etc.
805 927 833 991 1,
858 928 918 986 45:
949 922 1078 981 Audisse
1109 923 1158 981 vel
1180 921 1306 980 Audire.
1334 927 1366 990 1,
1391 925 1449 984 46:

329 1010 493 1069 detinuisse
508 1013 557 1071 vel
577 1012 758 1071 continuisse
783 1011 879 1090 (vides
894 1030 982 1086 saepe
1004 1011 1163 1070 librarium
1185 1029 1271 1069 suam
1294 1009 1451 1069 lectionem

329 1098 471 1160 ficticium
494 1100 526 1158 in
549 1119 653 1160 versus
671 1101 751 1176 ipsos
774 1101 957 1176 inseruisse.)
994 1106 1020 1169 1,
1047 1106 1104 1164 54:
1130 1100 1221 1159 exiles
1244 1101 1293 1159 vel
1316 1099 1448 1158 hostiles.

331 1193 360 1258 3,
378 1193 438 1251 24:
463 1208 533 1248 aera
550 1191 600 1249 vel
616 1191 715 1249 sistra,
740 1195 771 1262 4,
790 1195 851 1254 83;
875 1191 974 1265 turpis
997 1190 1045 1248 vel
1061 1190 1169 1249 turbis.
1196 1195 1225 1258 5,
1251 1193 1311 1252 27:
1336 1187 1450 1246 vitibus

330 1278 398 1353 (hoc
421 1277 461 1352 A)
493 1280 543 1337 vel
573 1278 725 1339 fructibus
757 1280 825 1354 (hoc
848 1278 934 1359 GV).
971 1284 1000 1348 5,
1027 1283 1085 1342 69:
1118 1279 1224 1337 timeto
1255 1276 1303 1336 vel
1335 1279 1449 1338 caveto.

330 1373 360 1437 7,
386 1372 423 1429 4:
448 1368 530 1426 Atax
554 1369 601 1427 vel
624 1369 732 1427 Arabs.
759 1373 788 1441 7,
818 1372 874 1431 ll:
900 1369 958 1426 erit
981 1368 1030 1426 vel
1052 1368 1140 1426 Arar.
1166 1375 1197 1436 7,
1221 1372 1281 1430 42:
1311 1366 1450 1442 compede

328 1456 416 1532 pulsa
440 1457 489 1515 vel
512 1459 636 1532 cuspide
659 1459 741 1518 victa
773 1456 858 1535 (vida
880 1457 1105 1532 interpolatoris
1127 1457 1263 1515 studium
1285 1455 1449 1515 sententiae

329 1547 365 1603 ad
381 1563 484 1605 vocem
500 1547 632 1621 cuspide,
658 1567 736 1623 quae
759 1545 831 1604 inO
856 1546 968 1616 extitit,
992 1547 1164 1622 aptandae.)
1205 1550 1235 1616 9,
1253 1550 1312 1609 31:
1337 1545 1450 1603 nullius

329 1635 378 1693 vel
410 1635 494 1694 nullo
525 1636 582 1694 tibi
619 1635 777 1711 (111001οε
809 1636 894 1694 nullo
917 1638 970 1710 te).
1011 1635 1052 1710 Π,
1078 1641 1108 1708 3,
1134 1640 1194 1699 60:
1227 1638 1371 1712 gypsatos
1403 1634 1449 1692 vel
1547 1630 1549 1635 ’

329 1724 458 1784 luxatos
497 1729 526 1794 5,
555 1729 634 1787 11οε
658 1724 745 1784 faveo
769 1725 872 1784 morbo
896 1725 945 1784 vel
967 1725 1054 1785 foveo
1077 1726 1225 1792 morbum.
1250 1723 1307 1794 III,
1333 1728 1364 1794 2,
1391 1729 1448 1787 15:

328 1816 453 1890 rogatae
484 1814 533 1872 vel
563 1818 700 1888 precatae
731 1817 824 1890 (reete
848 1812 1039 1894 correctum).
1087 1814 1141 1887 IV,
1170 1819 1198 1884 1,
1225 1818 1281 1877 39:
1313 1813 1449 1888 Namque

329 1902 387 1961 tibi
410 1902 458 1961 vel
482 1900 615 1978 Quisque
647 1904 705 1962 tibi
737 1904 831 1979 (Nam
854 1903 967 1978 quique
990 1903 1048 1963 tibi
1069 1903 1114 1974 Y,
1146 1903 1226 1961 Nam
1257 1902 1324 1978 quis
1347 1905 1379 1960 te
1401 1900 1448 1980 F).

333 1997 360 2061 l,
379 1997 437 2056 94:
462 1991 559 2051 levius
576 1993 624 2050 vel
640 1993 746 2051 melius
762 1992 811 2051 vel
827 1993 948 2051 brevius
969 1993 1039 2067 (boe
1061 1993 1092 2050 in
1116 1991 1165 2069 Ο).
1191 1997 1220 2063 3,
1240 1997 1299 2056 21:
1324 1991 1450 2050 subiecit

330 2080 378 2139 vel
401 2081 538 2156 subrepit
562 2082 682 2161 (hocin
706 2080 755 2157 Ο).

420 2169 468 2228 Ad
491 2189 639 2229 summam
662 2171 753 2230 codex
776 2169 971 2229 Eboraeansis
1000 2190 1069 2230 cum
1097 2189 1195 2246 neque
1218 2189 1253 2228 ex
1277 2169 1337 2228 alia
1360 2189 1450 2246 quam

330 2259 442 2318 codices
467 2259 677 2319 Baehrensiani
709 2261 821 2338 integri
850 2260 965 2317 familia
987 2263 1078 2318 natus
1107 2260 1147 2319 sit
1170 2279 1267 2334 neque
1289 2259 1369 2317 ullas
1391 2258 1449 2318 leo·

329 2349 447 2407 tionum
470 2349 631 2408 varietates
655 2351 798 2425 praebeat
821 2350 879 2408 nisi
902 2369 980 2424 quae
1002 2349 1065 2408 sive
1085 2349 1372 2423 ex‘interpolatione
1389 2349 1450 2406 sive

331 2457 366 2496 ex
389 2438 642 2497 contaminatione
665 2440 794 2498 duarum
818 2439 845 2496 Y
869 2442 899 2497 et
923 2437 949 2496 G
972 2438 1157 2498 familiarum
1172 2437 1336 2511 extiterint,
1361 2437 1449 2496 immo

329 2525 477 2586 Italorum
499 2529 670 2587 temeritate
686 2529 861 2587 emendandi
886 2531 916 2587 et
938 2529 1099 2603 supplendi
1122 2526 1320 2586 multifariam
1342 2527 1383 2586 sit
1404 2527 1449 2585 in-

330 2615 492 2691 quinatus,
529 2617 559 2674 in
584 2618 653 2676 crisi
677 2617 849 2676 Tibulliana
871 2617 1036 2676 factitando
1058 2621 1113 2676 aut
1136 2635 1257 2692 prorsus
1282 2620 1327 2676 est
1349 2616 1450 2694 negle-

330 2706 446 2781 gendus
463 2708 517 2763 aut
536 2709 616 2766 certe
638 2725 697 2765 non
719 2707 816 2782 magis
833 2710 878 2766 est
900 2707 1112 2782 respiciendus,
1136 2726 1228 2782 quam
1250 2706 1451 2766 recentiorum

331 2795 487 2853 hominum
510 2795 666 2854 doctorum
689 2797 887 2855 coniecturae.

418 2883 463 2942 De
497 2885 596 2943 tribus
636 2903 708 2944 vero
743 2884 955 2944 recentissimis
989 2884 1140 2945 codicibus
1163 2905 1180 2944 0
1202 2883 1221 2941 d
1245 2903 1260 2942 e
1289 2903 1358 2943 cnm
1391 2885 1450 2942 iam

330 2973 538 3032 Lachmannus
573 2974 755 3034 iudicaverit
785 2974 862 3032 nihil
895 2974 962 3032 fidei
998 2976 1053 3033 aut
1087 2973 1226 3049 ponderis
1257 2973 1289 3030 in
1324 2973 1451 3051 singulis

330 3063 435 3133 inesse,
460 3065 567 3138 utpote
591 3063 644 3139 qui
667 3064 929 3142 neglegentissime
945 3064 1049 3139 scripti
1066 3066 1097 3123 et
1111 3063 1285 3122 incredibile
1300 3067 1451 3139 quantum

330 3152 581 3227 interpolatorum
616 3154 789 3212 commentis
821 3153 977 3228 depravati
1006 3153 1085 3224 sint,
1118 3152 1221 3228 paucis
1244 3153 1451 3227 quaestionem

329 3242 494 3318 transigere
525 3261 693 3317 possumus.
741 3243 785 3300 De
817 3243 933 3320 origine
963 3261 1066 3301 eorum
1099 3243 1150 3300 vix
1183 3241 1256 3300 certi
1288 3241 1451 3318 quicquam

331 3349 427 3401 eruas,
453 3351 521 3390 cum
544 3332 631 3390 modo
656 3351 671 3390 0
696 3334 725 3391 01
749 3352 773 3402 0,
798 3333 885 3391 modo
909 3333 928 3391 d
952 3335 982 3389 ct
1005 3352 1036 3407 e,
1059 3332 1148 3390 modo
1171 3351 1187 3390 e
1210 3333 1241 3388 et
1263 3332 1282 3389 d
1305 3352 1367 3391 una
1389 3333 1451 3390 sin·

331 3420 452 3497 gulares
468 3420 608 3480 lectiones
625 3423 787 3496 praebeant
803 3421 930 3492 easdem,
955 3421 1059 3480 velut:
1083 3419 1109 3490 I,
1136 3426 1165 3491 5,
1194 3424 1250 3484 16:
1274 3421 1385 3480 triviae
1399 3422 1419 3480 d
1435 3441 1450 3479 e

330 3513 410 3568 recte
435 3530 469 3569 ex
484 3510 610 3569 lectione
626 3510 734 3569 codicis
750 3510 942 3570 Ambrosiam
960 3513 1094 3584 „creme“
1122 3513 1299 3570 correctum.
1323 3509 1349 3580 I,
1367 3516 1397 3581 4,
1416 3517 1433 3573 7
1441 3531 1448 3568 :

330 3600 453 3658 modum
485 3599 503 3657 d
528 3619 553 3669 e,
580 3635 620 3642 —
643 3600 760 3672 locum,
785 3604 842 3660 cet.
880 3599 938 3670 ΙΙΙ,
964 3605 998 3669 4,
1025 3603 1082 3662 35;
1107 3599 1193 3657 Lima
1216 3599 1236 3656 d
1260 3618 1284 3672 e,
1313 3635 1348 3642 -
1376 3599 1449 3670 Ima,

331 3691 386 3747 cet.
419 3687 473 3758 IV,
502 3693 529 3758 1,
555 3693 614 3751 75:
646 3688 719 3748 det
743 3711 758 3748 e
782 3690 949 3749 omiserunt
975 3689 1050 3761 ,si“.
1074 3688 1098 3759 I,
1124 3694 1154 3759 4,
1180 3694 1239 3751 55:
1264 3688 1314 3747 1110
1338 3689 1450 3747 volenti

331 3777 350 3835 d
375 3798 398 3850 e,
426 3813 463 3822 -
490 3777 552 3852 ipse
576 3778 705 3854 roganti,
732 3782 787 3838 001.
812 3779 837 3850 Ι,
863 3784 893 3849 3,
919 3785 957 3842 4:
981 3778 1112 3839 violenta
1135 3797 1160 3848 c,
1185 3777 1345 3852 violatae,
1370 3779 1451 3853 quod

331 3869 410 3926 certe
434 3867 491 3926 nisi
516 3886 550 3925 ex
573 3867 625 3925 illo
648 3886 707 3926 non
730 3871 830 3944 potest
853 3869 1020 3943 profectum
1044 3885 1115 3926 esse.
1145 3867 1170 3942 Ι,
1189 3871 1218 3936 9,
1238 3871 1296 3930 28:
1320 3867 1450 3926 immites

332 3976 395 4026 ce,
425 3989 459 3998 -—
488 3956 618 4029 invitos,
651 3960 707 4020 oet.
754 3957 795 4029 ΙΙ,
830 3962 860 4031 3,
892 3963 951 4021 38;
984 3958 1069 4015 furor
1100 3976 1168 4030 ce,
1195 3991 1235 4000 -
1260 3976 1367 4027 cruor,
1394 3959 1448 4016 oet.

331 4045 372 4116 II,
399 4051 428 4120 3,
454 4051 512 4110 39:
539 4065 642 4121 campo
666 4067 680 4106 0
704 4067 729 4119 0,
757 4082 795 4090 -
821 4051 912 4122 ponto
936 4050 991 4106 cet.
1033 4045 1074 4119 II,
1107 4052 1137 4117 5,
1170 4051 1228 4110 66:
1261 4045 1451 4122 lactavitqne

332 4135 398 4206 cd,
427 4171 462 4176 —
490 4135 637 4204 lactavit,
671 4138 727 4194 cet.
761 4137 819 4208 ΙΠ,
853 4142 883 4206 4,
920 4143 956 4200 2:
991 4139 1111 4195 externa
1143 4135 1209 4206 cd,
1237 4171 1275 4179 -
1301 4136 1449 4206 hesterna,

332 4225 388 4290 001.
437 4223 521 4287 Hanc
549 4225 646 4308 igitur
675 4227 711 4288 de
735 4226 850 4310 origine
874 4225 1063 4308 singulorum
1087 4225 1222 4287 codicum
1246 4225 1450 4305 quaestionem
