3242 5084
642 492 859 552 ..55-

189 687 250 743 que
283 667 370 725 uxori
405 665 488 724 illius
523 665 657 724 insidiari
696 664 867 724 confitetur.
929 663 1032 740 Atque
1062 683 1122 723 vox
1156 683 1234 740 quae
1268 666 1315 723 esi

192 755 371 832 „nimium“,
395 775 454 814 non
478 774 546 814 oum
563 755 654 814 verbo
675 755 803 829 „pelit“‚
829 755 880 813 sed
896 773 965 812 oum
981 754 1128 813 edieolivo
1149 753 1311 828 „incaulo“

191 845 397 923 coniungenda
429 847 475 904 est
506 843 572 921 (cfr.
598 841 685 902 Ovid.
718 863 775 900 am.
800 842 849 916 II,
886 847 935 914 19,
969 846 1013 919 3).
1061 842 1200 902 Ceterum
1224 863 1314 919 quem

191 935 227 994 ad
261 935 385 993 modum
418 936 520 992 toturn
555 951 674 992 carmen
709 933 831 990 restitui
866 932 988 1002 debeat,
1027 933 1160 991 nondum
1197 932 1316 1008 liquere

189 1022 329 1084 arbitror.
1169 1022 1171 1025 ’

611 1163 651 1237 .Ι,
678 1168 707 1237 9,
734 1168 876 1229 39-44.

280 1277 402 1356 Elegiae
424 1298 519 1338 nonae
534 1297 639 1337 versus
656 1283 787 1342 39-44
810 1282 847 1338 ut
870 1279 934 1338 loeo
957 1297 1012 1338 suo
1035 1279 1147 1338 alienos
1164 1278 1315 1338 Baehren-

190 1367 254 1426 sius
277 1387 328 1444 pg.
355 1373 486 1432 80—85
510 1368 540 1426 in
567 1368 641 1446 eleg.
667 1367 751 1443 VIII,
777 1372 846 1444 posi
869 1386 945 1427 vere.
970 1368 1011 1432 26
1035 1368 1228 1427 inculcandos
1252 1386 1318 1427 esse

190 1457 319 1516 consuit.
359 1456 401 1516 Aa
424 1461 585 1534 repugnat,
610 1460 646 1515 ut
669 1458 783 1532 opinor,
808 1457 880 1516 huio
903 1457 1069 1516 sententiae
1101 1457 1223 1515 initium
1247 1477 1311 1516 oar-

191 1545 278 1604 minis
302 1546 410 1612 octavi,
436 1565 496 1623 quo
520 1546 636 1604 diutius
660 1565 690 1605 se
714 1547 804 1606 celari
827 1546 864 1604 de
887 1565 987 1604 amore
1002 1546 1132 1604 Maralhi
1152 1565 1211 1604 non
1228 1565 1317 1622 posse

192 1633 330 1693 Tibullus
355 1637 506 1699 autumat.
554 1633 613 1704 Qui
635 1634 696 1694 lale
720 1635 793 1711 quid
816 1635 918 1710 potuit
941 1635 1108 1704 enuntiare,
1137 1635 1162 1693 si
1184 1655 1314 1710 puerum

192 1723 253 1780 iam
275 1723 338 1798 ipse
362 1724 484 1782 domum
507 1724 618 1782 amicae
642 1725 836 1784 deduxisset?
877 1722 1004 1783 Omnino
1027 1725 1052 1782 si
1077 1725 1209 1783 earmina
1232 1729 1318 1784 oola-

192 1831 265 1871 vum
290 1815 320 1871 et
342 1832 456 1872 nonum
480 1813 582 1872 eodem
606 1831 666 1888 quo
689 1813 829 1872 inlibris
853 1816 973 1872 exarata
996 1818 1078 1884 sunl,
1103 1813 1206 1871 ordine
1230 1813 1314 1872 aTi·

191 1901 275 1960 bullo
307 1902 471 1976 composita
500 1901 687 1979 putamusst)
722 1902 822 1962 omnia
854 1903 966 1978 optime
997 1903 1190 1962 consentiunt
1223 1905 1320 1978 alque

192 1989 329 2048 versibus
345 1990 430 2061 VIII,
449 1995 490 2054 70
506 2009 571 2066 sqq,
596 1991 634 2049 ed
651 1991 775 2068 elegiam
792 1994 942 2067 quartem,
966 1992 1103 2050 versibus
1119 1990 1172 2062 IX,
1190 1996 1231 2055 39
1248 2010 1316 2067 sqq.

193 2079 231 2136 ad
254 2082 392 2138 octavam
415 2080 556 2139 oonoinne
579 2083 700 2138 revocat
722 2083 821 2156 poeta.

669 2257 726 2329 ΙΙΙ,
755 2263 782 2329 l,
809 2264 838 2322 8.

282 2373 319 2431 In
342 2373 412 2431 libri
434 2374 519 2433 tertii
543 2374 618 2451 eleg.
635 2374 660 2445 I,
686 2380 704 2438 8
729 2375 818 2434 leutio
843 2375 988 2433 librorum
1014 2373 1127 2447 „meis“
1153 2392 1223 2432 eum
1246 2373 1318 2430 Mu-

196 2465 260 2521 reto
290 2463 322 2521 in
348 2462 449 2537 ,luis“
481 2463 641 2533 mutanda,
673 2482 763 2522 versu
790 2468 828 2526 12
864 2465 965 2522 aulem
999 2463 1150 2538 scriptura
1185 2465 1312 2537 „iuum“

194 2551 349 2610 retinenda
378 2554 504 2628 totaque
532 2552 680 2612 sententia
712 2553 781 2611 inde
812 2571 882 2610 av.
908 2559 925 2614 7
951 2552 989 2609 ad
1015 2558 1055 2615 14
1079 2552 1236 2610 Musarum
1268 2571 1317 2609 re·

165 2657 176 2684 ³
194 2657 302 2714 sponso
326 2641 502 2718 assignanda
524 2641 655 2700 videtur.

194 2781 408 2792 ———-

286 2849 312 2917 l)
330 2853 360 2906 id
379 2852 453 2920 quod
471 2854 550 2907 nulla
569 2871 598 2908 re
617 2853 708 2908 refelli
726 2853 816 2908 video
