3242 5084
650 543 869 603 ..55-

198 719 402 788 offenderunt,
435 736 560 793 prorsus
582 719 625 778 eis
648 717 799 777 tollantur
821 735 919 793 neque
942 717 1107 793 quidquam
1130 716 1216 787 novi,
1240 717 1319 808 quod

197 808 344 867 offendere
367 807 470 883 possit,
495 811 600 883 poetae
626 808 804 884 assignetur.

287 912 344 972 Sed
368 916 470 972 extant
493 913 551 973 loci
579 913 716 973 nonnulli
740 913 792 988 qui
815 913 884 971 inde
915 912 1101 991 aSealigeri
1132 915 1319 989 temporibus

196 1003 303 1060 utrum
318 1006 397 1062 recte
413 1021 444 1060 se
459 1003 589 1062 habeant
608 1023 644 1061 an
669 1001 828 1078 particulis
852 1002 1032 1077 quibusdam
1055 1002 1194 1062 carminis
1217 1006 1315 1062 trans-

196 1091 339 1165 ponendis
362 1092 484 1150 sanandi
507 1093 584 1162 sint,
619 1092 751 1151 homines
775 1091 855 1151 docti
878 1091 1091 1166 disputarunt,
1124 1111 1222 1167 neque
1246 1093 1318 1150 dum

197 1180 272 1238 certi
295 1180 459 1256 quidquam
483 1184 636 1256 repertum
660 1183 714 1240 est.
750 1179 794 1236 Ex
818 1180 929 1254 quibus
953 1199 1064 1255 paucos
1088 1181 1199 1256 quibus
1222 1181 1319 1241 Baeh-

196 1269 312 1328 rensius
328 1289 424 1345 nuper
439 1270 623 1330 traiectionis
636 1269 801 1329 remedium
819 1269 962 1340 admovit,
979 1270 1090 1329 iterum
1103 1289 1317 1333 recenseamus

197 1356 357 1417 Ordiamur
380 1378 397 1415 a
420 1359 515 1418 totius
546 1359 640 1418 libelli
664 1358 828 1417 Tibulliani
851 1358 980 1418 carmine
1003 1359 1117 1434 primo,
1152 1361 1231 1435 quod
1256 1378 1318 1418 om-

196 1447 281 1506 nium
304 1447 474 1524 saepissime
498 1449 556 1507 viri
579 1447 659 1508 docti
681 1449 899 1506 tractaverunt.
1007 1469 1010 1474 ·

644 1626 669 1700 I,
698 1633 725 1698 l,
754 1631 869 1690 1-40.

285 1741 361 1820 Post¹
374 1742 539 1801 Antonium
555 1743 702 1818 Vulpium
718 1743 771 1819 qui
787 1742 835 1801 vir
850 1743 957 1801 doctus
974 1741 1137 1817 pristinum
1152 1741 1318 1800 carminum

196 1829 436 1889 Tibullianornm
468 1832 601 1891 ordinem
633 1834 669 1891 ab
701 1832 730 1890 J:
755 1832 785 1889 J.
822 1829 1002 1908 Scaligero¹)
1035 1849 1152 1890 summa
1181 1850 1249 1890 cum
1281 1830 1318 1888 li·

196 1920 293 1978 eentia
323 1922 499 1982 turbatum.
530 1922 562 1979 in
593 1921 747 1998 integrum
778 1921 972 1991 restituerat,
1005 1921 1121 1995 primus
1148 1919 1319 1979 Fridericus

197 2006 362 2085 Haasius2)
386 2009 463 2070 hanc
486 2010 522 2068 de
546 2029 607 2086 qua
630 2010 817 2084 disputaturi
847 2027 952 2068 sumus
984 2009 1055 2068 libri
1077 2009 1167 2084 primi
1190 2009 1316 2085 elegiam

196 2098 332 2157 versibus
356 2099 584 2174 transponendis
615 2099 776 2158 sanandam
806 2116 870 2157 esse
900 2098 1016 2159 censuit
1039 2117 1207 2173 novamque
1232 2097 1317 2157 disti·

196 2187 320 2246 ehorum
343 2188 500 2264 proposuit
524 2188 758 2258 collocationem,
784 2207 875 2263 quam
899 2188 1021 2263 quidem
1042 2187 1194 2247 Lucienus
1218 2187 1316 2245 Muel-

196 2276 277 2334 lerus
301 2277 331 2334 in
356 2277 516 2336 editionem
539 2295 625 2336 suam
641 2276 755 2336 Tibulli
769 2277 901 2352 recepit3
925 2277 1031 2336 deinde
1046 2276 1096 2336 via
1118 2276 1209 2336 semel
1232 2279 1317 2351 pate-

194 2365 276 2424 facta
300 2365 358 2424 viri
380 2367 461 2426 docti
483 2367 559 2426 hanc
583 2367 789 2442 quaestionem
812 2365 951 2426 certatim
967 2365 1101 2443 aggressi
1125 2365 1203 2424 alius
1227 2365 1318 2424 aliam

195 2473 338 2513 versuum
350 2456 633 2514 transmutationem
646 2455 938 2528 commendaverunt,
952 2455 1038 2514 velut
1046 2452 1081 2513 O.
1091 2452 1317 2529 Ribbeckius3),

196 2543 234 2600 A.
263 2543 448 2619 Prienius4),
485 2545 521 2606 11.
554 2543 760 2620 8111111111),
796 2544 882 2603 Α1111.
907 2541 1152 2624 Baehrensius⁶),
1185 2547 1222 2602 ut
1255 2543 1315 2602 iam

196 2634 500 2708 quampotissimum
529 2633 706 2693 sententiam
730 2635 853 2709 probeS,
886 2634 1025 2692 dubitare
1054 2633 1158 2708 possis.
1205 2633 1315 2702 Quam-

196 2723 298 2780 obrem
314 2723 453 2802 equidem
472 2724 517 2783 ita
532 2723 607 2782 hanc
623 2723 859 2797 disputationem
874 2722 1042 2793 instituam,
1066 2725 1104 2780 ut
1126 2740 1183 2780 non
1207 2741 1316 2781 novam

195 2809 329 2886 aliquam
351 2812 382 2869 in
404 2812 537 2871 medium
559 2812 708 2888 proferam
725 2811 902 2888 opinionem,
926 2812 976 2871 sed
993 2814 1029 2870 ut
1050 2831 1084 2871 ea
1100 2814 1220 2870 tantum
1237 2831 1315 2887 quae

195 2899 227 2956 in
251 2901 385 2960 virorum
409 2901 566 2960 doctorum
597 2919 740 2960 versuum
771 2900 998 2960 traiectionibus
1029 2901 1195 2971 offendant,
1224 2920 1315 2977 quam

195 2991 300 3063 potero
324 2991 519 3065 apertissime,
545 2990 696 3065 explicem.

286 3104 360 3164 Cum
384 3110 485 3166 autem
509 3125 557 3165 eas
581 3125 657 3183 quas
680 3103 810 3164 Haasius
827 3105 1070 3182 Ribbeckiusque
1093 3109 1316 3181 proposuerunt

194 3193 462 3255 transmutationes
478 3195 638 3255 Richterus
655 3213 783 3270 eumque
806 3196 928 3254 secutus
945 3193 1177 3269 Baehrensiusl)
1201 3195 1315 3270 optimo

194 3281 261 3343 iure
295 3285 367 3344 adeo
399 3285 574 3358 reciderint,
608 3286 645 3343 ut
674 3283 750 3342 nihil
782 3283 840 3342 nisi
872 3301 976 3343 versus
1009 3283 1086 3342 alter
1116 3283 1186 3342 inde
1214 3304 1231 3344 a
1255 3285 1315 3348 25⁰

287 3510 391 3578 11011.
420 3513 480 3566 Tib.
506 3513 587 3582 Prop.
612 3529 697 3581 opera
720 3513 814 3565 omnia
839 3528 912 3580 quae
936 3515 1042 3566 extant.
1080 3512 1149 3566 Cum
1174 3513 1315 3566 variorum

195 3584 317 3638 virorum
335 3583 550 3649 commentariis,
570 3583 683 3638 Parisiis
705 3583 781 3638 1604.

285 3680 311 3748 2)
331 3681 415 3736 index
433 3681 497 3736 lect.
517 3682 614 3736 aestiv.
633 3681 753 3737 univers.
772 3681 925 3736 Vratislav.
946 3679 1023 3746 1855,
1043 3700 1092 3750 pg.
1112 3680 1146 3735 16
1164 3701 1225 3750 sqq.

284 3777 312 3845 3)
330 3779 413 3834 index
432 3780 517 3834 schol.
536 3779 611 3834 univ.
631 3779 763 3834 Kieliens.
785 3778 862 3835 1867.

283 3877 310 3944 4)
328 3878 502 3933 Fleckeiseni
520 3879 613 3932 annal.
632 3879 686 3933 vol.
706 3878 780 3943 XVI,
801 3876 879 3942 1870,
898 3896 946 3948 pg.
965 3875 1018 3930 689
1036 3895 1097 3946 sqq.

110 4011 115 4020 ·
284 3975 311 4042 5)
331 3976 371 4030 De
390 3977 466 4030 Albii
485 3977 591 4031 Tibulli
613 3977 703 4031 tribus
727 3977 825 4048 primis
850 3976 1019 4030 carminibus
1039 3976 1202 4046 disputatio,
1221 3994 1314 4046 progr.

196 4065 322 4116 gymnas.
342 4048 471 4102 Zwiclrau
491 4047 567 4102 1873.

285 4143 312 4212 6)
332 4146 503 4201 Tibullische
521 4147 634 4211 11111111,
654 4165 700 4217 pg.
720 4145 755 4199 63
774 4164 834 4215 sqq.

286 4242 312 4309 7)
330 4244 378 4297 cfr.
405 4243 466 4298 Tib.
494 4244 599 4299 bl'atter
623 4262 670 4313 pg.
691 4243 739 4297 67:
765 4243 855 4298 Somit
881 4243 1014 4298 erweisen
1038 4243 1098 4297 sich
1127 4242 1172 4297 die
1195 4243 1314 4313 librigen

197 4317 396 4385 umsetaungen
414 4315 534 4381 Haases,
560 4333 632 4386 gana
660 4315 819 4384 abgesehen
844 4316 949 4381 daven,
967 4315 1031 4370 dass
1050 4315 1090 4372 sie
1109 4315 1181 4370 auch
1198 4333 1236 4371 an
1254 4315 1314 4373 sich

196 4386 357 4456 unmdglich
376 4385 447 4452 sind,
467 4386 508 4442 als
528 4385 700 4457 liberfldssig.
