<?xml version="1.0" encoding="UTF-8"?>
<!DOCTYPE html PUBLIC "-//W3C//DTD XHTML 1.0 Transitional//EN"
    "http://www.w3.org/TR/xhtml1/DTD/xhtml1-transitional.dtd">
<html xmlns="http://www.w3.org/1999/xhtml" xml:lang="en" lang="en">
 <head>
  <title>
</title>
<meta http-equiv="Content-Type" content="text/html;charset=utf-8" />
  <meta name='ocr-system' content='tesseract 3.04.00' />
  <meta name='ocr-capabilities' content='ocr_page ocr_carea ocr_par ocr_line ocrx_word'/>
</head>
<body>
  <div class='ocr_page' id='page_1' title='image "./decodicibustibu03leongoog_0046.png"; bbox 0 0 3242 5084; ppageno 0'>
   <div class='ocr_carea' id='block_1_1' title="bbox 880 437 1011 495">
    <p class='ocr_par' dir='ltr' id='par_1_1' title="bbox 791 437 1011 495">
     <span class='ocr_line' id='line_1_1' title="bbox 880 437 1011 495; baseline -0.005 -20.405"><span class='ocrx_word' id='word_1_1' title='bbox 880 437 922 495; x_wconf 78' lang='lat'>33</span> <span class='ocrx_word' id='word_1_2' title='bbox 970 465 1011 474; x_wconf 80' lang='grc'>-</span> 
     </span>
    </p>
   </div>
   <div class='ocr_carea' id='block_1_2' title="bbox 360 607 1461 2913">
    <p class='ocr_par' dir='ltr' id='par_1_2' title="bbox 447 607 1097 682">
     <span class='ocr_line' id='line_1_2' title="bbox 447 607 1097 682; baseline -0.012 -8"><span class='ocrx_word' id='word_1_3' title='bbox 447 615 477 682; x_wconf 83' lang='lat'>9,</span> <span class='ocrx_word' id='word_1_4' title='bbox 503 615 560 676; x_wconf 84' lang='lat'>40:</span> <span class='ocrx_word' id='word_1_5' title='bbox 585 607 632 668; x_wconf 81' lang='lat' dir='ltr'>Sit</span> <span class='ocrx_word' id='word_1_6' title='bbox 652 643 686 652; x_wconf 92' lang='lat'><em>-</em></span> <span class='ocrx_word' id='word_1_7' title='bbox 708 608 760 670; x_wconf 83' lang='lat' dir='ltr'>sed</span> <span class='ocrx_word' id='word_1_8' title='bbox 927 607 985 667; x_wconf 86' lang='lat' dir='ltr'>Sed</span> <span class='ocrx_word' id='word_1_9' title='bbox 1002 608 1097 667; x_wconf 85' lang='lat' dir='ltr'>—sit</span> 
     </span>
    </p>

    <p class='ocr_par' dir='ltr' id='par_1_3' title="bbox 449 696 1356 772">
     <span class='ocr_line' id='line_1_3' title="bbox 449 696 1356 772; baseline -0.009 -8"><span class='ocrx_word' id='word_1_10' title='bbox 449 704 478 771; x_wconf 87' lang='lat'>9,</span> <span class='ocrx_word' id='word_1_11' title='bbox 505 704 560 764; x_wconf 80' lang='lat'>69:</span> <span class='ocrx_word' id='word_1_12' title='bbox 585 697 649 758; x_wconf 83' lang='lat' dir='ltr'>Ista</span> <span class='ocrx_word' id='word_1_13' title='bbox 926 697 990 756; x_wconf 89' lang='lat' dir='ltr'>Ista</span> <span class='ocrx_word' id='word_1_14' title='bbox 1012 697 1085 759; x_wconf 81' lang='lat' dir='ltr'>haee</span> <span class='ocrx_word' id='word_1_15' title='bbox 1109 698 1202 771; x_wconf 82' lang='lat' dir='ltr'>(reste</span> <span class='ocrx_word' id='word_1_16' title='bbox 1225 715 1294 755; x_wconf 88' lang='lat' dir='ltr'>oum</span> <span class='ocrx_word' id='word_1_17' title='bbox 1318 696 1356 772; x_wconf 84' lang='lat' dir='ltr'>G)</span> 
     </span>
    </p>

    <p class='ocr_par' dir='ltr' id='par_1_4' title="bbox 430 784 1234 862">
     <span class='ocr_line' id='line_1_4' title="bbox 430 784 1234 862; baseline -0.01 -10"><span class='ocrx_word' id='word_1_18' title='bbox 430 794 479 862; x_wconf 90' lang='grc'>10,</span> <span class='ocrx_word' id='word_1_19' title='bbox 505 794 560 853; x_wconf 83' lang='grc' dir='ltr'>3οε</span> <span class='ocrx_word' id='word_1_20' title='bbox 586 788 710 846; x_wconf 88' lang='lat' dir='ltr'>adverso</span> <span class='ocrx_word' id='word_1_21' title='bbox 926 787 1066 845; x_wconf 87' lang='lat' dir='ltr'>adversos</span> <span class='ocrx_word' id='word_1_22' title='bbox 1089 789 1172 862; x_wconf 86' lang='lat' dir='ltr'>(eum</span> <span class='ocrx_word' id='word_1_23' title='bbox 1196 784 1234 861; x_wconf 82' lang='lat' dir='ltr'>G)</span> 
     </span>
    </p>

    <p class='ocr_par' dir='ltr' id='par_1_5' title="bbox 430 873 1192 951">
     <span class='ocr_line' id='line_1_5' title="bbox 430 873 1192 951; baseline -0.012 -9"><span class='ocrx_word' id='word_1_24' title='bbox 430 883 480 950; x_wconf 90' lang='lat'>10,</span> <span class='ocrx_word' id='word_1_25' title='bbox 506 883 561 942; x_wconf 84' lang='lat'>39:</span> <span class='ocrx_word' id='word_1_26' title='bbox 587 876 666 946; x_wconf 82' lang='lat' dir='ltr'><strong>Quin</strong></span> <span class='ocrx_word' id='word_1_27' title='bbox 927 875 1024 945; x_wconf 84' lang='lat' dir='ltr'>Quam</span> <span class='ocrx_word' id='word_1_28' title='bbox 1048 879 1129 951; x_wconf 83' lang='lat' dir='ltr'><strong>(oum</strong></span> <span class='ocrx_word' id='word_1_29' title='bbox 1153 873 1192 950; x_wconf 80' lang='lat' dir='ltr'>G)</span> 
     </span>
    </p>

    <p class='ocr_par' dir='ltr' id='par_1_6' title="bbox 429 963 1461 1114">
     <span class='ocr_line' id='line_1_6' title="bbox 429 963 1461 1042; baseline -0.004 -16"><span class='ocrx_word' id='word_1_30' title='bbox 429 972 480 1038; x_wconf 89' lang='lat'>10,</span> <span class='ocrx_word' id='word_1_31' title='bbox 505 972 562 1031; x_wconf 77' lang='lat'>49:</span> <span class='ocrx_word' id='word_1_32' title='bbox 586 967 685 1025; x_wconf 88' lang='lat' dir='ltr'>nitens</span> <span class='ocrx_word' id='word_1_33' title='bbox 707 983 809 1024; x_wconf 86' lang='lat' dir='ltr'>vomer</span> <span class='ocrx_word' id='word_1_34' title='bbox 825 965 872 1024; x_wconf 84' lang='lat' dir='ltr'>vi·</span> <span class='ocrx_word' id='word_1_35' title='bbox 926 965 1030 1024; x_wconf 86' lang='lat' dir='ltr'>bidens</span> <span class='ocrx_word' id='word_1_36' title='bbox 1039 983 1202 1039; x_wconf 88' lang='lat' dir='ltr'>vomerque</span> <span class='ocrx_word' id='word_1_37' title='bbox 1213 965 1318 1042; x_wconf 82' lang='lat' dir='ltr'>vigent</span> <span class='ocrx_word' id='word_1_38' title='bbox 1329 966 1410 1038; x_wconf 82' lang='lat' dir='ltr'><strong>(oum</strong></span> <span class='ocrx_word' id='word_1_39' title='bbox 1418 963 1461 1042; x_wconf 76' lang='lat' dir='ltr'>G)</span> 
     </span>
     <span class='ocr_line' id='line_1_7' title="bbox 588 1055 666 1114; baseline 0 -1"><span class='ocrx_word' id='word_1_40' title='bbox 588 1055 666 1114; x_wconf 87' lang='lat' dir='ltr'>derit</span> 
     </span>
    </p>

    <p class='ocr_par' dir='ltr' id='par_1_7' title="bbox 429 1140 1267 1221">
     <span class='ocr_line' id='line_1_8' title="bbox 429 1140 1267 1221; baseline -0.011 -12"><span class='ocrx_word' id='word_1_41' title='bbox 429 1149 478 1214; x_wconf 89' lang='grc'>10,</span> <span class='ocrx_word' id='word_1_42' title='bbox 505 1149 561 1208; x_wconf 80' lang='lat'>51:</span> <span class='ocrx_word' id='word_1_43' title='bbox 588 1144 729 1221; x_wconf 79' lang='lat' dir='ltr'>elatoque</span> <span class='ocrx_word' id='word_1_44' title='bbox 927 1161 943 1200; x_wconf 90' lang='grc' dir='ltr'>ε</span> <span class='ocrx_word' id='word_1_45' title='bbox 965 1141 1098 1218; x_wconf 86' lang='lat' dir='ltr'>lucoque</span> <span class='ocrx_word' id='word_1_46' title='bbox 1123 1144 1205 1218; x_wconf 86' lang='lat' dir='ltr'><strong>(oum</strong></span> <span class='ocrx_word' id='word_1_47' title='bbox 1228 1140 1267 1218; x_wconf 84' lang='lat' dir='ltr'>G)</span> 
     </span>
    </p>

    <p class='ocr_par' dir='ltr' id='par_1_8' title="bbox 430 1229 1192 1311">
     <span class='ocr_line' id='line_1_9' title="bbox 430 1229 1192 1311; baseline -0.012 -13"><span class='ocrx_word' id='word_1_48' title='bbox 430 1238 479 1304; x_wconf 81' lang='grc'>10,</span> <span class='ocrx_word' id='word_1_49' title='bbox 505 1237 562 1298; x_wconf 83' lang='lat'>68:</span> <span class='ocrx_word' id='word_1_50' title='bbox 587 1232 721 1292; x_wconf 90' lang='lat' dir='ltr'>Prefluat</span> <span class='ocrx_word' id='word_1_51' title='bbox 925 1231 1063 1290; x_wconf 87' lang='lat' dir='ltr'>Perfluat</span> <span class='ocrx_word' id='word_1_52' title='bbox 1087 1229 1192 1311; x_wconf 83' lang='lat' dir='ltr'>(recte)</span> 
     </span>
    </p>

    <p class='ocr_par' dir='ltr' id='par_1_9' title="bbox 360 1319 1329 1666">
     <span class='ocr_line' id='line_1_10' title="bbox 360 1319 1329 1400; baseline -0.002 -20"><span class='ocrx_word' id='word_1_53' title='bbox 360 1323 401 1397; x_wconf 90' lang='grc' dir='ltr'>ΙΙ,</span> <span class='ocrx_word' id='word_1_54' title='bbox 456 1329 479 1393; x_wconf 92' lang='grc'>1,</span> <span class='ocrx_word' id='word_1_55' title='bbox 506 1327 561 1386; x_wconf 83' lang='grc' dir='ltr'>5οε</span> <span class='ocrx_word' id='word_1_56' title='bbox 587 1324 618 1381; x_wconf 87' lang='lat' dir='ltr'>et</span> <span class='ocrx_word' id='word_1_57' title='bbox 926 1325 963 1379; x_wconf 90' lang='lat' dir='ltr'>ut</span> <span class='ocrx_word' id='word_1_58' title='bbox 987 1324 1079 1397; x_wconf 85' lang='lat' dir='ltr'>(recte</span> <span class='ocrx_word' id='word_1_59' title='bbox 1103 1340 1172 1380; x_wconf 87' lang='lat' dir='ltr'>oum</span> <span class='ocrx_word' id='word_1_60' title='bbox 1196 1319 1222 1378; x_wconf 85' lang='lat' dir='ltr'><strong>G</strong></span> <span class='ocrx_word' id='word_1_61' title='bbox 1245 1319 1329 1400; x_wconf 83' lang='lat' dir='ltr'>Par.)</span> 
     </span>
     <span class='ocr_line' id='line_1_11' title="bbox 448 1409 1322 1489; baseline -0.009 -13"><span class='ocrx_word' id='word_1_62' title='bbox 448 1417 478 1482; x_wconf 88' lang='lat'>3,</span> <span class='ocrx_word' id='word_1_63' title='bbox 505 1416 561 1474; x_wconf 80' lang='lat'>64:</span> <span class='ocrx_word' id='word_1_64' title='bbox 586 1409 709 1470; x_wconf 84' lang='lat' dir='ltr'>abducit</span> <span class='ocrx_word' id='word_1_65' title='bbox 926 1410 1050 1469; x_wconf 82' lang='lat' dir='ltr'>abducis</span> <span class='ocrx_word' id='word_1_66' title='bbox 1073 1409 1167 1489; x_wconf 79' lang='lat' dir='ltr'>(reete</span> <span class='ocrx_word' id='word_1_67' title='bbox 1190 1429 1259 1469; x_wconf 87' lang='lat' dir='ltr'>oum</span> <span class='ocrx_word' id='word_1_68' title='bbox 1283 1409 1322 1485; x_wconf 85' lang='lat' dir='ltr'>G)</span> 
     </span>
     <span class='ocr_line' id='line_1_12' title="bbox 447 1498 1324 1578; baseline -0.007 -14"><span class='ocrx_word' id='word_1_69' title='bbox 447 1506 477 1571; x_wconf 88' lang='grc'>4,</span> <span class='ocrx_word' id='word_1_70' title='bbox 526 1505 559 1563; x_wconf 85' lang='lat'>2:</span> <span class='ocrx_word' id='word_1_71' title='bbox 585 1504 707 1575; x_wconf 77' lang='lat' dir='ltr'>paterve</span> <span class='ocrx_word' id='word_1_72' title='bbox 926 1503 1052 1575; x_wconf 81' lang='lat' dir='ltr'>paterna</span> <span class='ocrx_word' id='word_1_73' title='bbox 1075 1498 1169 1578; x_wconf 78' lang='lat' dir='ltr'>(recte</span> <span class='ocrx_word' id='word_1_74' title='bbox 1193 1517 1261 1558; x_wconf 84' lang='lat' dir='ltr'>oum</span> <span class='ocrx_word' id='word_1_75' title='bbox 1285 1498 1324 1575; x_wconf 83' lang='lat' dir='ltr'>G)</span> 
     </span>
     <span class='ocr_line' id='line_1_13' title="bbox 446 1583 1175 1666; baseline -0.014 -11"><span class='ocrx_word' id='word_1_76' title='bbox 446 1595 476 1662; x_wconf 98' lang='grc'>4,</span> <span class='ocrx_word' id='word_1_77' title='bbox 505 1594 559 1654; x_wconf 83' lang='grc' dir='ltr'>1οε</span> <span class='ocrx_word' id='word_1_78' title='bbox 585 1587 718 1649; x_wconf 81' lang='lat' dir='ltr'>vitreiV</span> <span class='ocrx_word' id='word_1_79' title='bbox 744 1583 785 1665; x_wconf 89' lang='lat' dir='ltr'>(A</span> <span class='ocrx_word' id='word_1_80' title='bbox 800 1589 871 1662; x_wconf 87' lang='lat' dir='ltr'><strong>om.)</strong></span> <span class='ocrx_word' id='word_1_81' title='bbox 927 1589 1006 1647; x_wconf 90' lang='lat' dir='ltr'>vasti</span> <span class='ocrx_word' id='word_1_82' title='bbox 1030 1590 1112 1663; x_wconf 87' lang='lat' dir='ltr'><strong>(oum</strong></span> <span class='ocrx_word' id='word_1_83' title='bbox 1135 1587 1175 1666; x_wconf 84' lang='lat' dir='ltr'>G)</span> 
     </span>
    </p>

    <p class='ocr_par' dir='ltr' id='par_1_10' title="bbox 446 1676 1174 1756">
     <span class='ocr_line' id='line_1_14' title="bbox 446 1676 1174 1756; baseline -0.01 -14"><span class='ocrx_word' id='word_1_84' title='bbox 446 1684 476 1751; x_wconf 97' lang='grc'>4,</span> <span class='ocrx_word' id='word_1_85' title='bbox 502 1683 557 1743; x_wconf 88' lang='lat'>33:</span> <span class='ocrx_word' id='word_1_86' title='bbox 582 1679 697 1737; x_wconf 83' lang='lat' dir='ltr'>ineerta</span> <span class='ocrx_word' id='word_1_87' title='bbox 926 1679 1007 1738; x_wconf 82' lang='lat' dir='ltr'>vieta</span> <span class='ocrx_word' id='word_1_88' title='bbox 1030 1678 1112 1756; x_wconf 84' lang='lat' dir='ltr'><strong>(oum</strong></span> <span class='ocrx_word' id='word_1_89' title='bbox 1135 1676 1174 1756; x_wconf 80' lang='lat' dir='ltr'>G)</span> 
     </span>
    </p>

    <p class='ocr_par' dir='ltr' id='par_1_11' title="bbox 447 1766 1337 1843">
     <span class='ocr_line' id='line_1_15' title="bbox 447 1766 1337 1843; baseline -0.007 -11"><span class='ocrx_word' id='word_1_90' title='bbox 447 1773 477 1838; x_wconf 92' lang='grc'>4,</span> <span class='ocrx_word' id='word_1_91' title='bbox 503 1773 558 1831; x_wconf 81' lang='lat'>44:</span> <span class='ocrx_word' id='word_1_92' title='bbox 585 1766 741 1843; x_wconf 73' lang='lat' dir='ltr'><strong>obsequias</strong></span> <span class='ocrx_word' id='word_1_93' title='bbox 927 1767 1067 1842; x_wconf 84' lang='lat' dir='ltr'>exequias</span> <span class='ocrx_word' id='word_1_94' title='bbox 1092 1770 1184 1843; x_wconf 83' lang='lat' dir='ltr'>(recte</span> <span class='ocrx_word' id='word_1_95' title='bbox 1207 1786 1276 1825; x_wconf 90' lang='lat' dir='ltr'>oum</span> <span class='ocrx_word' id='word_1_96' title='bbox 1300 1766 1337 1841; x_wconf 85' lang='lat' dir='ltr'>G)</span> 
     </span>
    </p>

    <p class='ocr_par' dir='ltr' id='par_1_12' title="bbox 449 1855 1349 1933">
     <span class='ocr_line' id='line_1_16' title="bbox 449 1855 1349 1933; baseline -0.009 -12"><span class='ocrx_word' id='word_1_97' title='bbox 449 1865 478 1928; x_wconf 86' lang='grc'>5,</span> <span class='ocrx_word' id='word_1_98' title='bbox 504 1863 559 1921; x_wconf 85' lang='grc'>35;</span> <span class='ocrx_word' id='word_1_99' title='bbox 585 1856 701 1932; x_wconf 83' lang='lat' dir='ltr'>Illaquo</span> <span class='ocrx_word' id='word_1_100' title='bbox 926 1857 985 1915; x_wconf 91' lang='lat' dir='ltr'>Illa</span> <span class='ocrx_word' id='word_1_101' title='bbox 1010 1859 1103 1933; x_wconf 79' lang='lat' dir='ltr'>(recte</span> <span class='ocrx_word' id='word_1_102' title='bbox 1126 1875 1195 1914; x_wconf 83' lang='lat' dir='ltr'>oum</span> <span class='ocrx_word' id='word_1_103' title='bbox 1219 1855 1257 1932; x_wconf 87' lang='lat' dir='ltr'>G)</span> <span class='ocrx_word' id='word_1_104' title='bbox 1344 1914 1349 1920; x_wconf 84' lang='grc'>,</span> 
     </span>
    </p>

    <p class='ocr_par' dir='ltr' id='par_1_13' title="bbox 449 1943 1190 2023">
     <span class='ocr_line' id='line_1_17' title="bbox 449 1943 1190 2023; baseline -0.012 -11"><span class='ocrx_word' id='word_1_105' title='bbox 449 1951 478 2020; x_wconf 89' lang='grc'>5,</span> <span class='ocrx_word' id='word_1_106' title='bbox 504 1951 560 2010; x_wconf 82' lang='lat'>49:</span> <span class='ocrx_word' id='word_1_107' title='bbox 585 1946 690 2005; x_wconf 82' lang='lat' dir='ltr'>castris</span> <span class='ocrx_word' id='word_1_108' title='bbox 716 1944 745 2023; x_wconf 90' lang='lat' dir='ltr'>(e</span> <span class='ocrx_word' id='word_1_109' title='bbox 769 1963 797 2002; x_wconf 84' lang='lat' dir='ltr'>v.</span> <span class='ocrx_word' id='word_1_110' title='bbox 816 1943 871 2016; x_wconf 80' lang='grc'>47)</span> <span class='ocrx_word' id='word_1_111' title='bbox 926 1950 1061 2005; x_wconf 82' lang='lat' dir='ltr'>rastrum</span> <span class='ocrx_word' id='word_1_112' title='bbox 1084 1945 1190 2023; x_wconf 84' lang='lat' dir='ltr'>(reete)</span> 
     </span>
    </p>

    <p class='ocr_par' dir='ltr' id='par_1_14' title="bbox 448 2032 1238 2109">
     <span class='ocr_line' id='line_1_18' title="bbox 448 2032 1238 2109; baseline -0.013 -9"><span class='ocrx_word' id='word_1_113' title='bbox 448 2040 478 2109; x_wconf 88' lang='grc'>5,</span> <span class='ocrx_word' id='word_1_114' title='bbox 503 2041 560 2100; x_wconf 81' lang='lat'>81:</span> <span class='ocrx_word' id='word_1_115' title='bbox 585 2034 628 2094; x_wconf 89' lang='lat' dir='ltr'>Ut</span> <span class='ocrx_word' id='word_1_116' title='bbox 926 2035 967 2094; x_wconf 86' lang='grc' dir='ltr'>Εῖ</span> <span class='ocrx_word' id='word_1_117' title='bbox 990 2037 1084 2104; x_wconf 81' lang='lat' dir='ltr'>(reete</span> <span class='ocrx_word' id='word_1_118' title='bbox 1107 2053 1177 2093; x_wconf 87' lang='lat' dir='ltr'>oum</span> <span class='ocrx_word' id='word_1_119' title='bbox 1200 2032 1238 2109; x_wconf 85' lang='lat' dir='ltr'>G)</span> 
     </span>
    </p>

    <p class='ocr_par' dir='ltr' id='par_1_15' title="bbox 447 2121 1322 2201">
     <span class='ocr_line' id='line_1_19' title="bbox 447 2121 1322 2201; baseline -0.008 -13"><span class='ocrx_word' id='word_1_120' title='bbox 447 2129 476 2198; x_wconf 83' lang='lat'>5,</span> <span class='ocrx_word' id='word_1_121' title='bbox 502 2129 557 2188; x_wconf 80' lang='lat'>95:</span> <span class='ocrx_word' id='word_1_122' title='bbox 584 2126 639 2201; x_wconf 87' lang='lat' dir='ltr'>(et)</span> <span class='ocrx_word' id='word_1_123' title='bbox 664 2125 769 2198; x_wconf 85' lang='lat' dir='ltr'>operta</span> <span class='ocrx_word' id='word_1_124' title='bbox 926 2127 1051 2199; x_wconf 83' lang='lat' dir='ltr'>operata</span> <span class='ocrx_word' id='word_1_125' title='bbox 1075 2126 1167 2199; x_wconf 81' lang='lat' dir='ltr'>(reete</span> <span class='ocrx_word' id='word_1_126' title='bbox 1190 2142 1260 2182; x_wconf 89' lang='lat' dir='ltr'>oum</span> <span class='ocrx_word' id='word_1_127' title='bbox 1283 2121 1322 2197; x_wconf 82' lang='lat' dir='ltr'>G)</span> 
     </span>
    </p>

    <p class='ocr_par' dir='ltr' id='par_1_16' title="bbox 448 2210 1345 2289">
     <span class='ocr_line' id='line_1_20' title="bbox 448 2210 1345 2289; baseline -0.009 -12"><span class='ocrx_word' id='word_1_128' title='bbox 448 2218 477 2284; x_wconf 87' lang='lat'>5,</span> <span class='ocrx_word' id='word_1_129' title='bbox 505 2213 580 2277; x_wconf 81' lang='lat'>122:</span> <span class='ocrx_word' id='word_1_130' title='bbox 606 2216 753 2289; x_wconf 83' lang='lat' dir='ltr'>perpetua</span> <span class='ocrx_word' id='word_1_131' title='bbox 926 2216 1072 2288; x_wconf 84' lang='lat' dir='ltr'>perpetuo</span> <span class='ocrx_word' id='word_1_132' title='bbox 1096 2215 1190 2287; x_wconf 83' lang='lat' dir='ltr'>(reste</span> <span class='ocrx_word' id='word_1_133' title='bbox 1213 2231 1283 2271; x_wconf 83' lang='lat' dir='ltr'>eum</span> <span class='ocrx_word' id='word_1_134' title='bbox 1306 2210 1345 2286; x_wconf 85' lang='lat' dir='ltr'>G)</span> 
     </span>
    </p>

    <p class='ocr_par' dir='ltr' id='par_1_17' title="bbox 446 2303 1229 2377">
     <span class='ocr_line' id='line_1_21' title="bbox 446 2303 1229 2377; baseline -0.009 -11"><span class='ocrx_word' id='word_1_135' title='bbox 446 2307 476 2373; x_wconf 85' lang='grc'>6,</span> <span class='ocrx_word' id='word_1_136' title='bbox 495 2309 556 2374; x_wconf 66' lang='grc' dir='ltr'>Ι171</span> <span class='ocrx_word' id='word_1_137' title='bbox 581 2303 646 2361; x_wconf 87' lang='lat' dir='ltr'>dira</span> <span class='ocrx_word' id='word_1_138' title='bbox 926 2303 1003 2361; x_wconf 89' lang='lat' dir='ltr'>dura</span> <span class='ocrx_word' id='word_1_139' title='bbox 1027 2305 1144 2377; x_wconf 82' lang='lat' dir='ltr'>(prave)</span> <span class='ocrx_word' id='word_1_140' title='bbox 1226 2344 1229 2349; x_wconf 84' lang='lat'>-</span> 
     </span>
    </p>

    <p class='ocr_par' dir='ltr' id='par_1_18' title="bbox 446 2389 1294 2470">
     <span class='ocr_line' id='line_1_22' title="bbox 446 2389 1294 2470; baseline -0.008 -14"><span class='ocrx_word' id='word_1_141' title='bbox 446 2395 476 2465; x_wconf 88' lang='grc'>6,</span> <span class='ocrx_word' id='word_1_142' title='bbox 502 2397 558 2456; x_wconf 81' lang='lat'>32:</span> <span class='ocrx_word' id='word_1_143' title='bbox 582 2393 682 2451; x_wconf 81' lang='lat' dir='ltr'>ferant</span> <span class='ocrx_word' id='word_1_144' title='bbox 926 2392 1021 2451; x_wconf 81' lang='lat' dir='ltr'>feram</span> <span class='ocrx_word' id='word_1_145' title='bbox 1045 2395 1138 2463; x_wconf 76' lang='lat' dir='ltr'>(recte</span> <span class='ocrx_word' id='word_1_146' title='bbox 1161 2409 1231 2450; x_wconf 85' lang='lat' dir='ltr'>oum</span> <span class='ocrx_word' id='word_1_147' title='bbox 1254 2389 1294 2470; x_wconf 83' lang='lat' dir='ltr'>G)</span> 
     </span>
    </p>

    <p class='ocr_par' dir='ltr' id='par_1_19' title="bbox 392 2477 1328 2557">
     <span class='ocr_line' id='line_1_23' title="bbox 392 2477 1328 2557; baseline -0.009 -11"><span class='ocrx_word' id='word_1_148' title='bbox 392 2525 399 2552; x_wconf 97' lang='lat'>,</span> <span class='ocrx_word' id='word_1_149' title='bbox 449 2486 477 2552; x_wconf 94' lang='lat' dir='ltr'>l,</span> <span class='ocrx_word' id='word_1_150' title='bbox 505 2486 558 2545; x_wconf 87' lang='lat'>15:</span> <span class='ocrx_word' id='word_1_151' title='bbox 584 2482 698 2540; x_wconf 77' lang='lat' dir='ltr'><strong>Parvos</strong></span> <span class='ocrx_word' id='word_1_152' title='bbox 925 2481 983 2540; x_wconf 89' lang='lat' dir='ltr'>Per</span> <span class='ocrx_word' id='word_1_153' title='bbox 1005 2499 1059 2540; x_wconf 87' lang='lat' dir='ltr'>vos</span> <span class='ocrx_word' id='word_1_154' title='bbox 1083 2484 1176 2556; x_wconf 79' lang='lat' dir='ltr'>(reete</span> <span class='ocrx_word' id='word_1_155' title='bbox 1198 2483 1267 2540; x_wconf 82' lang='lat' dir='ltr'>oum</span> <span class='ocrx_word' id='word_1_156' title='bbox 1291 2477 1328 2557; x_wconf 84' lang='lat' dir='ltr'>G)</span> 
     </span>
    </p>

    <p class='ocr_par' dir='ltr' id='par_1_20' title="bbox 470 2567 1371 2913">
     <span class='ocr_line' id='line_1_24' title="bbox 470 2567 1336 2650; baseline -0.01 -15"><span class='ocrx_word' id='word_1_157' title='bbox 470 2617 476 2644; x_wconf 96' lang='lat'>,</span> <span class='ocrx_word' id='word_1_158' title='bbox 506 2574 559 2635; x_wconf 83' lang='lat'>16:</span> <span class='ocrx_word' id='word_1_159' title='bbox 584 2572 757 2630; x_wconf 80' lang='lat' dir='ltr'><strong>umbrosam</strong></span> <span class='ocrx_word' id='word_1_160' title='bbox 925 2572 1064 2629; x_wconf 89' lang='lat' dir='ltr'>umbram</span> <span class='ocrx_word' id='word_1_161' title='bbox 1089 2572 1181 2645; x_wconf 85' lang='lat' dir='ltr'>(reete</span> <span class='ocrx_word' id='word_1_162' title='bbox 1204 2589 1273 2628; x_wconf 87' lang='lat' dir='ltr'>oum</span> <span class='ocrx_word' id='word_1_163' title='bbox 1297 2567 1336 2650; x_wconf 84' lang='lat' dir='ltr'>G)</span> 
     </span>
     <span class='ocr_line' id='line_1_25' title="bbox 926 2656 1315 2738; baseline -0.005 -20"><span class='ocrx_word' id='word_1_164' title='bbox 926 2664 1045 2735; x_wconf 82' lang='lat' dir='ltr'>caryste</span> <span class='ocrx_word' id='word_1_165' title='bbox 1069 2659 1160 2738; x_wconf 80' lang='lat' dir='ltr'>(reete</span> <span class='ocrx_word' id='word_1_166' title='bbox 1183 2678 1252 2718; x_wconf 89' lang='lat' dir='ltr'>oum</span> <span class='ocrx_word' id='word_1_167' title='bbox 1276 2656 1315 2738; x_wconf 81' lang='lat' dir='ltr'>G)</span> 
     </span>
     <span class='ocr_line' id='line_1_26' title="bbox 928 2746 1276 2828; baseline -0.006 -20"><span class='ocrx_word' id='word_1_168' title='bbox 928 2769 1005 2825; x_wconf 89' lang='lat' dir='ltr'>quae</span> <span class='ocrx_word' id='word_1_169' title='bbox 1029 2752 1122 2823; x_wconf 88' lang='lat' dir='ltr'>(reete</span> <span class='ocrx_word' id='word_1_170' title='bbox 1144 2767 1214 2808; x_wconf 87' lang='lat' dir='ltr'>oum</span> <span class='ocrx_word' id='word_1_171' title='bbox 1238 2746 1276 2828; x_wconf 79' lang='lat' dir='ltr'>G)</span> 
     </span>
     <span class='ocr_line' id='line_1_27' title="bbox 927 2835 1371 2913; baseline -0.007 -17"><span class='ocrx_word' id='word_1_172' title='bbox 927 2856 1040 2896; x_wconf 88' lang='lat' dir='ltr'>vanum</span> <span class='ocrx_word' id='word_1_173' title='bbox 1065 2840 1182 2913; x_wconf 83' lang='lat' dir='ltr'>(prave)</span> <span class='ocrx_word' id='word_1_174' title='bbox 1367 2835 1371 2844; x_wconf 80' lang='grc'><em>“</em></span> 
     </span>
    </p>
   </div>
   <div class='ocr_carea' id='block_1_3' title="bbox 927 3014 1448 3276">
    <p class='ocr_par' dir='ltr' id='par_1_21' title="bbox 927 3014 1448 3276">
     <span class='ocr_line' id='line_1_28' title="bbox 928 3014 1241 3091; baseline -0.003 -17"><span class='ocrx_word' id='word_1_175' title='bbox 928 3017 971 3074; x_wconf 87' lang='grc' dir='ltr'>Αῖ</span> <span class='ocrx_word' id='word_1_176' title='bbox 995 3018 1087 3091; x_wconf 82' lang='lat' dir='ltr'>(reete</span> <span class='ocrx_word' id='word_1_177' title='bbox 1110 3035 1180 3075; x_wconf 89' lang='lat' dir='ltr'>oum</span> <span class='ocrx_word' id='word_1_178' title='bbox 1203 3014 1241 3089; x_wconf 86' lang='lat' dir='ltr'>G)</span> 
     </span>
     <span class='ocr_line' id='line_1_29' title="bbox 927 3100 1448 3181; baseline -0.008 -18"><span class='ocrx_word' id='word_1_179' title='bbox 927 3105 1084 3164; x_wconf 86' lang='lat' dir='ltr'>Armenias</span> <span class='ocrx_word' id='word_1_180' title='bbox 1109 3106 1201 3181; x_wconf 81' lang='lat' dir='ltr'>(recte</span> <span class='ocrx_word' id='word_1_181' title='bbox 1224 3122 1293 3163; x_wconf 88' lang='lat' dir='ltr'>oum</span> <span class='ocrx_word' id='word_1_182' title='bbox 1316 3100 1355 3178; x_wconf 79' lang='lat' dir='ltr'>G)</span> <span class='ocrx_word' id='word_1_183' title='bbox 1447 3100 1448 3103; x_wconf 66' lang='grc'>’</span> 
     </span>
     <span class='ocr_line' id='line_1_30' title="bbox 927 3193 1115 3276; baseline 0 -23"><span class='ocrx_word' id='word_1_184' title='bbox 927 3195 985 3253; x_wconf 87' lang='lat' dir='ltr'>Hei</span> <span class='ocrx_word' id='word_1_185' title='bbox 1010 3193 1115 3276; x_wconf 84' lang='lat' dir='ltr'>(reete)</span> 
     </span>
    </p>
   </div>
   <div class='ocr_carea' id='block_1_4' title="bbox 448 3283 1396 4077">
    <p class='ocr_par' dir='ltr' id='par_1_22' title="bbox 448 3283 1396 4077">
     <span class='ocr_line' id='line_1_31' title="bbox 926 3283 1133 3364; baseline -0.005 -21"><span class='ocrx_word' id='word_1_186' title='bbox 926 3302 1003 3360; x_wconf 92' lang='lat' dir='ltr'>puro</span> <span class='ocrx_word' id='word_1_187' title='bbox 1027 3283 1133 3364; x_wconf 80' lang='lat' dir='ltr'>(recte)</span> 
     </span>
     <span class='ocr_line' id='line_1_32' title="bbox 469 3371 1235 3452; baseline -0.009 -15"><span class='ocrx_word' id='word_1_188' title='bbox 469 3418 476 3445; x_wconf 90' lang='lat'>,</span> <span class='ocrx_word' id='word_1_189' title='bbox 504 3379 558 3437; x_wconf 91' lang='lat'>11:</span> <span class='ocrx_word' id='word_1_190' title='bbox 582 3393 620 3432; x_wconf 87' lang='lat' dir='ltr'>ne</span> <span class='ocrx_word' id='word_1_191' title='bbox 644 3371 811 3452; x_wconf 87' lang='lat' dir='ltr'>(omissum)</span> <span class='ocrx_word' id='word_1_192' title='bbox 927 3393 964 3433; x_wconf 92' lang='lat' dir='ltr'>ne</span> <span class='ocrx_word' id='word_1_193' title='bbox 987 3376 1081 3448; x_wconf 81' lang='lat' dir='ltr'>(reete</span> <span class='ocrx_word' id='word_1_194' title='bbox 1104 3392 1173 3432; x_wconf 89' lang='lat' dir='ltr'>oum</span> <span class='ocrx_word' id='word_1_195' title='bbox 1196 3371 1235 3448; x_wconf 85' lang='lat' dir='ltr'>G)</span> 
     </span>
     <span class='ocr_line' id='line_1_33' title="bbox 450 3465 1105 3538; baseline -0.011 -11"><span class='ocrx_word' id='word_1_196' title='bbox 450 3469 476 3534; x_wconf 96' lang='lat' dir='ltr'>l,</span> <span class='ocrx_word' id='word_1_197' title='bbox 502 3467 558 3526; x_wconf 81' lang='lat'>27:</span> <span class='ocrx_word' id='word_1_198' title='bbox 582 3482 636 3521; x_wconf 88' lang='lat' dir='ltr'>neo</span> <span class='ocrx_word' id='word_1_199' title='bbox 927 3483 964 3522; x_wconf 92' lang='lat' dir='ltr'>ne</span> <span class='ocrx_word' id='word_1_200' title='bbox 987 3465 1105 3538; x_wconf 81' lang='lat' dir='ltr'>(prave)</span> 
     </span>
     <span class='ocr_line' id='line_1_34' title="bbox 449 3550 1278 3627; baseline -0.011 -10"><span class='ocrx_word' id='word_1_201' title='bbox 449 3558 475 3624; x_wconf 94' lang='lat'>1,</span> <span class='ocrx_word' id='word_1_202' title='bbox 502 3555 557 3616; x_wconf 81' lang='lat'>56:</span> <span class='ocrx_word' id='word_1_203' title='bbox 581 3555 701 3626; x_wconf 86' lang='lat' dir='ltr'>tempus</span> <span class='ocrx_word' id='word_1_204' title='bbox 927 3556 1057 3627; x_wconf 84' lang='lat' dir='ltr'>coeptos,</span> <span class='ocrx_word' id='word_1_205' title='bbox 1083 3550 1138 3626; x_wconf 71' lang='lat'>(112</span> <span class='ocrx_word' id='word_1_206' title='bbox 1163 3551 1278 3626; x_wconf 79' lang='lat' dir='ltr'>captos)</span> 
     </span>
     <span class='ocr_line' id='line_1_35' title="bbox 451 3637 1252 3716; baseline -0.01 -10"><span class='ocrx_word' id='word_1_207' title='bbox 451 3650 478 3712; x_wconf 92' lang='lat'>1,</span> <span class='ocrx_word' id='word_1_208' title='bbox 506 3646 582 3705; x_wconf 87' lang='lat'>113:</span> <span class='ocrx_word' id='word_1_209' title='bbox 607 3643 765 3700; x_wconf 85' lang='lat' dir='ltr'>renoverat</span> <span class='ocrx_word' id='word_1_210' title='bbox 926 3643 1124 3701; x_wconf 81' lang='lat' dir='ltr'>renovaverat</span> <span class='ocrx_word' id='word_1_211' title='bbox 1148 3637 1252 3716; x_wconf 81' lang='lat' dir='ltr'>(reete)</span> 
     </span>
     <span class='ocr_line' id='line_1_36' title="bbox 451 3725 1396 3808; baseline -0.012 -13"><span class='ocrx_word' id='word_1_212' title='bbox 451 3737 478 3802; x_wconf 88' lang='lat'>1,</span> <span class='ocrx_word' id='word_1_213' title='bbox 505 3733 583 3794; x_wconf 84' lang='lat'>200:</span> <span class='ocrx_word' id='word_1_214' title='bbox 607 3730 727 3790; x_wconf 85' lang='lat' dir='ltr'>mallem</span> <span class='ocrx_word' id='word_1_215' title='bbox 926 3750 980 3790; x_wconf 88' lang='lat' dir='ltr'>neo</span> <span class='ocrx_word' id='word_1_216' title='bbox 1002 3730 1124 3790; x_wconf 82' lang='lat' dir='ltr'>mallem</span> <span class='ocrx_word' id='word_1_217' title='bbox 1149 3729 1241 3806; x_wconf 82' lang='lat' dir='ltr'>(reete</span> <span class='ocrx_word' id='word_1_218' title='bbox 1263 3747 1332 3786; x_wconf 87' lang='lat' dir='ltr'>oum</span> <span class='ocrx_word' id='word_1_219' title='bbox 1356 3725 1396 3808; x_wconf 77' lang='lat' dir='ltr'>G)</span> 
     </span>
     <span class='ocr_line' id='line_1_37' title="bbox 448 3816 1290 3894; baseline -0.011 -9"><span class='ocrx_word' id='word_1_220' title='bbox 448 3825 478 3891; x_wconf 81' lang='lat'>2,</span> <span class='ocrx_word' id='word_1_221' title='bbox 508 3823 559 3884; x_wconf 79' lang='lat'>14:</span> <span class='ocrx_word' id='word_1_222' title='bbox 585 3819 665 3878; x_wconf 84' lang='lat' dir='ltr'><strong>hunc</strong></span> <span class='ocrx_word' id='word_1_223' title='bbox 926 3821 1018 3879; x_wconf 87' lang='lat' dir='ltr'>habet</span> <span class='ocrx_word' id='word_1_224' title='bbox 1041 3822 1134 3894; x_wconf 83' lang='lat' dir='ltr'>(reete</span> <span class='ocrx_word' id='word_1_225' title='bbox 1158 3838 1227 3878; x_wconf 90' lang='lat' dir='ltr'>oum</span> <span class='ocrx_word' id='word_1_226' title='bbox 1250 3816 1290 3892; x_wconf 82' lang='lat' dir='ltr'>G)</span> 
     </span>
     <span class='ocr_line' id='line_1_38' title="bbox 449 3907 1160 3986; baseline -0.008 -13"><span class='ocrx_word' id='word_1_227' title='bbox 449 3915 479 3982; x_wconf 88' lang='lat'>5,</span> <span class='ocrx_word' id='word_1_228' title='bbox 507 3912 561 3972; x_wconf 85' lang='lat'>16:</span> <span class='ocrx_word' id='word_1_229' title='bbox 585 3927 638 3967; x_wconf 88' lang='lat' dir='ltr'>nos</span> <span class='ocrx_word' id='word_1_230' title='bbox 663 3908 834 3985; x_wconf 78' lang='lat' dir='ltr'>(omissum)</span> <span class='ocrx_word' id='word_1_231' title='bbox 926 3927 980 3968; x_wconf 88' lang='lat' dir='ltr'>nos</span> <span class='ocrx_word' id='word_1_232' title='bbox 1003 3910 1086 3984; x_wconf 88' lang='lat' dir='ltr'><strong>(oum</strong></span> <span class='ocrx_word' id='word_1_233' title='bbox 1109 3907 1160 3986; x_wconf 83' lang='lat' dir='ltr'>G.)</span> 
     </span>
     <span class='ocr_line' id='line_1_39' title="bbox 448 3997 1150 4077; baseline -0.01 -14"><span class='ocrx_word' id='word_1_234' title='bbox 448 4004 478 4069; x_wconf 88' lang='lat'>8,</span> <span class='ocrx_word' id='word_1_235' title='bbox 528 4001 560 4060; x_wconf 88' lang='lat'>6:</span> <span class='ocrx_word' id='word_1_236' title='bbox 586 3997 655 4056; x_wconf 87' lang='lat' dir='ltr'>Neu</span> <span class='ocrx_word' id='word_1_237' title='bbox 927 3998 996 4058; x_wconf 87' lang='lat' dir='ltr'>Non</span> <span class='ocrx_word' id='word_1_238' title='bbox 1020 3998 1150 4077; x_wconf 86' lang='lat' dir='ltr'>(prave).</span> 
     </span>
    </p>
   </div>
   <div class='ocr_carea' id='block_1_5' title="bbox 341 4104 1460 4363">
    <p class='ocr_par' dir='ltr' id='par_1_23' title="bbox 341 4104 1460 4363">
     <span class='ocr_line' id='line_1_40' title="bbox 429 4104 1460 4183; baseline 0.001 -20"><span class='ocrx_word' id='word_1_239' title='bbox 429 4105 474 4163; x_wconf 84' lang='lat' dir='ltr'>Ex</span> <span class='ocrx_word' id='word_1_240' title='bbox 489 4105 535 4164; x_wconf 88' lang='lat' dir='ltr'>his</span> <span class='ocrx_word' id='word_1_241' title='bbox 549 4105 750 4183; x_wconf 82' lang='lat' dir='ltr'>quadraginta</span> <span class='ocrx_word' id='word_1_242' title='bbox 762 4123 813 4166; x_wconf 83' lang='lat' dir='ltr'>sex</span> <span class='ocrx_word' id='word_1_243' title='bbox 829 4106 1007 4165; x_wconf 84' lang='lat' dir='ltr'>lectionibus</span> <span class='ocrx_word' id='word_1_244' title='bbox 1020 4106 1127 4165; x_wconf 80' lang='lat' dir='ltr'>codicis</span> <span class='ocrx_word' id='word_1_245' title='bbox 1137 4104 1329 4165; x_wconf 76' lang='lat' dir='ltr'>Eboraoensis</span> <span class='ocrx_word' id='word_1_246' title='bbox 1345 4108 1460 4178; x_wconf 88' lang='lat' dir='ltr'>septem</span> 
     </span>
     <span class='ocr_line' id='line_1_41' title="bbox 341 4193 1460 4271; baseline 0.003 -18"><span class='ocrx_word' id='word_1_247' title='bbox 341 4195 473 4254; x_wconf 87' lang='lat' dir='ltr'>familiae</span> <span class='ocrx_word' id='word_1_248' title='bbox 495 4195 522 4252; x_wconf 91' lang='lat' dir='ltr'><strong>Y</strong></span> <span class='ocrx_word' id='word_1_249' title='bbox 546 4195 703 4271; x_wconf 85' lang='lat' dir='ltr'>scripturis</span> <span class='ocrx_word' id='word_1_250' title='bbox 726 4198 798 4254; x_wconf 88' lang='lat' dir='ltr'>sunt</span> <span class='ocrx_word' id='word_1_251' title='bbox 822 4195 993 4267; x_wconf 84' lang='lat' dir='ltr'>deteriores,</span> <span class='ocrx_word' id='word_1_252' title='bbox 1018 4199 1134 4255; x_wconf 84' lang='lat' dir='ltr'>ceterae</span> <span class='ocrx_word' id='word_1_253' title='bbox 1150 4198 1206 4254; x_wconf 86' lang='lat' dir='ltr'>aut</span> <span class='ocrx_word' id='word_1_254' title='bbox 1228 4193 1460 4270; x_wconf 72' lang='lat' dir='ltr'>praestantiores</span> 
     </span>
     <span class='ocr_line' id='line_1_42' title="bbox 343 4284 1460 4363; baseline 0.001 -17"><span class='ocrx_word' id='word_1_255' title='bbox 343 4287 397 4346; x_wconf 87' lang='lat' dir='ltr'>aut</span> <span class='ocrx_word' id='word_1_256' title='bbox 420 4285 552 4345; x_wconf 85' lang='lat' dir='ltr'>eiusdem</span> <span class='ocrx_word' id='word_1_257' title='bbox 579 4284 668 4363; x_wconf 87' lang='lat' dir='ltr'>pretii</span> <span class='ocrx_word' id='word_1_258' title='bbox 695 4303 756 4344; x_wconf 87' lang='lat' dir='ltr'>esse</span> <span class='ocrx_word' id='word_1_259' title='bbox 780 4284 938 4358; x_wconf 58' lang='lat' dir='ltr'>videntum</span> <span class='ocrx_word' id='word_1_260' title='bbox 972 4304 1073 4347; x_wconf 86' lang='lat' dir='ltr'>omnes</span> <span class='ocrx_word' id='word_1_261' title='bbox 1105 4305 1175 4346; x_wconf 84' lang='lat' dir='ltr'>vero</span> <span class='ocrx_word' id='word_1_262' title='bbox 1205 4285 1249 4346; x_wconf 85' lang='lat' dir='ltr'>ita</span> <span class='ocrx_word' id='word_1_263' title='bbox 1271 4289 1460 4362; x_wconf 84' lang='lat' dir='ltr'>comparatae</span> 
     </span>
    </p>
   </div>
   <div class='ocr_carea' id='block_1_6' title="bbox 445 2575 1184 3437">
    <p class='ocr_par' dir='ltr' id='par_1_24' title="bbox 449 2575 463 2632">
     <span class='ocr_line' id='line_1_43' title="bbox 449 2575 463 2632; baseline 0 0"><span class='ocrx_word' id='word_1_264' title='bbox 449 2575 463 2632; x_wconf 97' lang='lat' dir='ltr'>l</span> 
     </span>
    </p>

    <p class='ocr_par' dir='ltr' id='par_1_25' title="bbox 447 2665 464 2722">
     <span class='ocr_line' id='line_1_44' title="bbox 447 2665 464 2722; baseline 0 0"><span class='ocrx_word' id='word_1_265' title='bbox 447 2665 464 2722; x_wconf 90' lang='lat'>3</span> 
     </span>
    </p>

    <p class='ocr_par' dir='ltr' id='par_1_26' title="bbox 447 2753 464 2812">
     <span class='ocr_line' id='line_1_45' title="bbox 447 2753 464 2812; baseline 0 0"><span class='ocrx_word' id='word_1_266' title='bbox 447 2753 464 2812; x_wconf 91' lang='lat'>3</span> 
     </span>
    </p>

    <p class='ocr_par' dir='ltr' id='par_1_27' title="bbox 445 2842 557 2906">
     <span class='ocr_line' id='line_1_46' title="bbox 445 2842 557 2906; baseline -0.009 -6"><span class='ocrx_word' id='word_1_267' title='bbox 445 2842 476 2906; x_wconf 88' lang='grc'>4,</span> <span class='ocrx_word' id='word_1_268' title='bbox 551 2882 557 2894; x_wconf 92' lang='grc'><em>.</em></span> 
     </span>
    </p>

    <p class='ocr_par' dir='ltr' id='par_1_28' title="bbox 446 2927 1184 3168">
     <span class='ocr_line' id='line_1_47' title="bbox 446 2927 1184 3009; baseline -0.005 -21"><span class='ocrx_word' id='word_1_269' title='bbox 446 2931 476 2997; x_wconf 89' lang='grc'>4,</span> <span class='ocrx_word' id='word_1_270' title='bbox 527 2947 558 3009; x_wconf 79' lang='lat'>¹:</span> <span class='ocrx_word' id='word_1_271' title='bbox 623 2927 629 2938; x_wconf 86' lang='lat'>&#39;</span> <span class='ocrx_word' id='word_1_272' title='bbox 929 2927 1055 3003; x_wconf 87' lang='lat' dir='ltr'>aevique</span> <span class='ocrx_word' id='word_1_273' title='bbox 1079 2928 1184 3001; x_wconf 84' lang='lat' dir='ltr'>(recte)</span> 
     </span>
     <span class='ocr_line' id='line_1_48' title="bbox 447 3109 465 3168; baseline 0 0"><span class='ocrx_word' id='word_1_274' title='bbox 447 3109 465 3168; x_wconf 89' lang='lat'>6</span> 
     </span>
    </p>

    <p class='ocr_par' dir='ltr' id='par_1_29' title="bbox 447 3199 465 3258">
     <span class='ocr_line' id='line_1_49' title="bbox 447 3199 465 3258; baseline 0 0"><span class='ocrx_word' id='word_1_275' title='bbox 447 3199 465 3258; x_wconf 92' lang='grc'><strong>6</strong></span> 
     </span>
    </p>

    <p class='ocr_par' dir='ltr' id='par_1_30' title="bbox 450 3289 463 3348">
     <span class='ocr_line' id='line_1_50' title="bbox 450 3289 463 3348; baseline 0 0"><span class='ocrx_word' id='word_1_276' title='bbox 450 3289 463 3348; x_wconf 93' lang='lat'>1</span> 
     </span>
    </p>

    <p class='ocr_par' dir='ltr' id='par_1_31' title="bbox 449 3379 462 3437">
     <span class='ocr_line' id='line_1_51' title="bbox 449 3379 462 3437; baseline 0 0"><span class='ocrx_word' id='word_1_277' title='bbox 449 3379 462 3437; x_wconf 96' lang='lat' dir='ltr'>l</span> 
     </span>
    </p>
   </div>
   <div class='ocr_carea' id='block_1_7' title="bbox 0 0 1628 5084">
    <p class='ocr_par' dir='ltr' id='par_1_32' title="bbox 0 0 1628 5084">
     <span class='ocr_line' id='line_1_52' title="bbox 0 0 1628 5084; baseline 0 0"><span class='ocrx_word' id='word_1_278' title='bbox 0 0 1628 5084; x_wconf 95' lang='lat' dir='ltr'> </span> 
     </span>
    </p>
   </div>
  </div>
 </body>
</html>
