3242 5084
791 490 1009 552 -34..

339 661 393 717 est.
432 658 510 717 Nam
533 659 636 735 paucis
659 660 720 720 illis
743 661 815 722 locis
839 663 1034 739 quibuscum
1051 665 1289 744 Guelferbytanae
1310 672 1460 750 congruit,

338 748 509 809 coniectura
532 748 580 808 vel
603 767 674 809 casu
698 751 806 811 codicis
830 754 1020 813 Ambrosiani
1043 755 1133 818 lectio
1153 758 1315 818 immutato
1328 761 1460 835 videtur,

337 837 439 895 velut:
464 837 488 908 I,
510 843 537 911 l,
556 843 615 903 78:
639 838 808 915 Despiciam
829 842 915 901 dites.
951 843 976 914 Ι,
995 850 1024 916 5,
1043 850 1103 909 32:
1128 847 1275 908 detrahet.
1308 848 1333 920 l,
1352 856 1380 921 9,
1399 856 1458 914 39:

335 925 455 990 faceres.
489 926 543 999 IV,
569 932 599 998 3,
625 932 685 992 20:
710 930 807 989 tende.
846 930 959 990 Versus
983 932 1008 1002 Ι,
1036 939 1094 1009 10,
1120 941 1160 1000 46
1186 937 1342 998 lectionem
1368 940 1460 1018 „iuga

336 1015 466 1089 panda“‚
499 1035 554 1092 pro
586 1037 646 1093 qua
676 1018 770 1093 ipsius
802 1019 916 1080 familia
940 1023 1059 1084 exhibet
1086 1025 1178 1102 „iuga
1201 1032 1327 1098 eurva“,
1352 1049 1458 1104 quarn·

336 1124 428 1179 quam
463 1108 493 1164 et
525 1105 556 1162 in
581 1104 820 1184 Guelferbytano
845 1110 929 1168 etin
953 1113 1100 1188 excerptis
1123 1114 1265 1174 Parisinis
1290 1119 1372 1176 extat
1395 1118 1458 1191 illa,

334 1198 434 1342 tapoqp
459 1215 494 1253 er
510 1192 599 1253 Ovidi
617 1216 674 1254 am.
692 1197 744 1257 lib.
761 1197 787 1269 I,
810 1203 931 1272 13,16,
956 1220 1017 1276 quo
1040 1201 1153 1262 Tibulli
1176 1224 1298 1264 versum
1321 1207 1459 1266 imitatus

335 1301 364 1341 es
415 1303 499 1343 asc:
928 1314 933 1322 ·

498 1391 618 1466 „Prima
641 1410 727 1452 vocas
751 1395 861 1453 tardos·
876 1398 932 1456 sub
956 1397 1028 1473 iuga
1051 1398 1151 1473 panda
1173 1401 1297 1473 boves“,

333 1503 472 1561 haustam
496 1522 567 1577 esse,
593 1503 768 1579 quicunque
791 1504 964 1563 Parisinum
986 1505 1011 1562 B
1035 1524 1103 1564 cum
1128 1503 1365 1583 Guelferbytano
1389 1527 1457 1567 con-

335 1591 450 1660 tulerit,
474 1592 548 1650 mihi
572 1593 756 1652 concedet¹o.

421 1680 486 1739 Iam
508 1683 589 1740 hunc
621 1681 751 1741 codicem
782 1681 908 1741 missum
939 1682 1084 1742 faciamus
1112 1686 1143 1742 et
1166 1684 1203 1742 ad
1226 1688 1339 1744 ceteros
1363 1685 1457 1746 Lach-

331 1770 433 1827 manni
457 1770 567 1838 libros,
598 1769 813 1830 Eboraeensem
846 1767 881 1829 A¹
905 1775 935 1830 et
966 1772 1102 1833 codicum
1134 1771 1293 1843 Wittiani‚
1328 1775 1456 1846 Dationi,

332 1857 503 1919 Askewiani
526 1860 640 1918 fontem
663 1879 851 1920 communem
875 1859 896 1919 (l
920 1861 1129 1921 examinandos
1151 1865 1349 1922 transcamus.

544 2097 592 2153 IV.
612 2096 653 2151 De
671 2095 824 2152 codicibus
842 2095 1088 2152 hotmannlanls
1106 2097 1138 2152 Α]
1157 2098 1188 2152 et
1205 2096 1235 2153 0.
1266 2102 1269 2106 “

420 2225 513 2295 Quam
538 2225 674 2284 celeriter
697 2225 738 2284 eis
761 2224 963 2299 temporibus
988 2225 1100 2300 quibus
1124 2224 1194 2284 libri
1217 2224 1452 2284 Lachmanniani

330 2313 430 2372 ABG
455 2315 568 2374 exarati
598 2317 688 2385 sunt,
720 2314 970 2390 interpolatorum
1001 2315 1155 2372 temeritas
1178 2315 1393 2390 corruptioque
1415 2315 1451 2372 li·
1609 2370 1610 2389 ,

329 2405 453 2463 brorum
476 2404 682 2479 processerint,
707 2423 742 2461 er
766 2404 867 2462 codice
882 2402 1028 2476 Parisino,
1053 2404 1108 2479 qui
1131 2403 1253 2479 quidem
1269 2403 1365 2462 multo
1388 2423 1451 2461 ma·
1488 2442 1491 2447 »
1609 2436 1610 2479 1

330 2493 376 2571 gis
398 2493 548 2553 foedatam
573 2495 696 2568 praebet
720 2493 848 2568 speciem
871 2511 963 2568 quam
994 2493 1127 2552 eiusdem
1159 2492 1262 2570 stirpis
1286 2492 1451 2551 Vaticanus

238 2579 240 2584 ’
329 2583 431 2659 paucis
455 2582 603 2642 decenniis
627 2585 697 2641 ante
720 2582 860 2657 scriptus
885 2600 977 2658 supra
1000 2582 1074 2640 satis
1097 2581 1308 2641 intelleximus.
1343 2581 1450 2657 Itaque

329 2691 414 2730 nemo
437 2671 599 2730 mirabitur
623 2671 748 2730 eundem
772 2671 821 2730 rel
850 2671 940 2729 etiam
964 2671 1107 2729 maiorem
1135 2671 1357 2746 depravationis
1381 2690 1449 2746 pro-

329 2780 464 2838 gressum
495 2761 526 2818 in
559 2760 659 2820 codice
690 2779 811 2834 quoque
835 2759 1015 2818 Eboracensi
1038 2760 1227 2834 deprehendi.
1277 2758 1334 2829 Qui
1358 2761 1448 2819 codex

329 2868 512 2925 quamquam
547 2848 729 2908 Lachmanni
745 2847 770 2924 Β)
806 2849 918 2907 iudicio
951 2848 1204 2924 praeclarissimus
1238 2849 1447 2921 recentiorum,

328 2957 387 2997 non
421 2939 509 2997 modo
544 2938 693 2997 Italorum
732 2938 869 2997 versibus
908 2938 1137 3010 commenticiis,
1177 2938 1289 3013 quibus
1327 2938 1448 2997 lacunas

328 3031 446 3103 apertas
470 3028 633 3086 studebant
648 3026 776 3102 explere,
800 3027 980 3102 inquinatus
1005 3030 1059 3093 est,
1085 3027 1136 3086 sed
1152 3028 1320 3102 complures
1335 3025 1448 3087 Tibulli

327 3136 431 3176 versus
455 3116 617 3195 genuinos
649 3116 735 3175 velut
757 3115 782 3188 I,
809 3121 839 3187 2,
865 3121 916 3180 25.
943 3122 995 3181 26.
1030 3115 1085 3186 Ili,
1114 3123 1146 3188 1,
1172 3121 1214 3179 40
1237 3117 1325 3192 plane
1349 3115 1449 3176 omisit

326 3226 422 3282 neque
439 3207 536 3265 ullum
552 3205 613 3264 fere
636 3206 736 3265 locum
751 3206 912 3280 paululum
928 3204 1126 3264 difficiliorem
1149 3204 1300 3265 intactum
1315 3205 1448 3281 reliquit.

325 3294 384 3355 sec
407 3295 463 3354 etsi
486 3294 533 3354 his
557 3294 638 3353 vitiis
660 3295 730 3353 libri
762 3294 927 3354 auctoritas
960 3294 1116 3370 aliquanto
1148 3294 1316 3366 minuitur,
1349 3298 1447 3353 tamen

325 3404 384 3443 non
407 3404 492 3444 omne
515 3383 647 3460 pretium
680 3386 717 3443 ob
742 3403 806 3442 eam
828 3403 892 3442 rem
916 3384 943 3444 ei
966 3387 1011 3442 est
1035 3383 1281 3456 abiudicandum‚
1306 3385 1447 3458 quoniam

326 3475 414 3533 certis
438 3473 642 3552 argumentis,
680 3493 715 3531 ex
747 3491 807 3548 quo
840 3472 918 3532 libro
941 3472 1064 3531 fluxerit
1087 3471 1131 3551 (id
1155 3473 1236 3547 quod
1258 3472 1290 3530 in
1313 3471 1449 3532 Parisino

324 3563 421 3622 facere
444 3562 545 3645 licuit)
571 3562 706 3622 evincere
730 3562 900 3638 nequimus.
947 3561 1013 3620 Hoc
1044 3564 1123 3621 certe
1153 3561 1213 3620 iam
1243 3576 1324 3620 nunc
1348 3581 1382 3621 ex
1407 3561 1448 3621 eis

325 3671 400 3728 quas
415 3655 446 3711 in
462 3652 561 3712 codice
577 3651 602 3708 B
618 3651 777 3710 tractando
793 3651 986 3726 protulimus,
1004 3647 1199 3709 Eboracensis
1216 3647 1252 3709 A¹
1270 3649 1447 3710 lectionibus

325 3761 468 3817 apparere
502 3741 576 3798 mihi
610 3740 749 3811 videtur,
781 3740 863 3799 aliud
897 3739 1084 3817 cognationis
1117 3759 1212 3817 genus
1235 3739 1326 3815 idque
1349 3740 1447 3798 multo

415 3966 440 4034 1)
460 3968 596 4024 Similiter
622 3969 653 4023 in
676 3970 757 4040 Prop.
782 3968 972 4034 v.11‚21‚6
998 3968 1071 4022 mira
1090 3967 1146 4022 'illa
1170 3967 1293 4023 varietas
1319 3966 1447 4022 lectionis

324 4040 451 4094 codicum
469 4041 679 4095 Darentriensis
698 4043 727 4096 et
736 4040 870 4095 Vaticani
891 4040 1020 4105 ,credula
1038 4039 1122 4093 turba
1140 4038 1229 4093 iaces“
1251 4056 1301 4109 pro
1318 4039 1447 4104 ,credula

323 4113 383 4166 sola
402 4111 490 4166 iaccs¹‘
514 4129 548 4166 ex
566 4113 721 4167 Tibulliani
739 4112 830 4167 libelli
842 4131 879 4167 r.
898 4111 946 4177 IV,
965 4111 991 4178 4,
1011 4110 1061 4166 18:
1090 4111 1218 4176 ,credula
1242 4110 1326 4165 turba
1350 4106 1443 4164 sedet‘

324 4186 420 4238 exorta
438 4183 559 4238 videtur.

413 4280 440 4346 2)
458 4281 558 4337 Paullo
577 4280 664 4336 etiam
682 4281 745 4350 plus
765 4298 850 4349 quam
868 4280 1063 4335 Lachmannus
1082 4278 1147 4333 huic
1166 4278 1256 4334 codici
1273 4277 1375 4332 tribuit
1392 4276 1445 4331 Lu·

323 4352 418 4405 cianus
439 4352 563 4417 Mueller,
583 4353 625 4407 ed.
646 4353 732 4422 praef.
752 4371 799 4422 pg.
819 4353 853 4406 X.
