3242 5084
662 479 880 539 ...15-

344 665 398 719 lll.
418 665 459 720 ilc
479 665 612 722 Vincenti
630 666 848 722 Bellovaccnsls
866 668 896 721 61
914 665 1059 733 scaligeri
1077 665 1196 733 eclogia.

299 793 344 853 De
369 795 516 870 excerptis
540 794 747 855 Vincentianis
779 816 857 872 quae
880 792 953 855 Otto
977 795 1137 855 Richterus
1160 795 1192 854 in
1223 795 1330 854 disser-

210 882 324 942 tatione
354 883 390 943 de
412 883 498 945 Vino.
530 883 678 944 Bellovac.
705 885 851 960 excerptis
881 883 1096 967 Tibullianis1)
1128 884 1330 955 contenderat,

210 971 354 1032 Ernestus
378 973 553 1033 Protzenius
576 974 607 1031 in
630 974 733 1034 libello
757 993 822 1048 suc,
854 994 943 1049 quern
974 991 1067 1049 supra
1089 974 1330 1044 memoravimus

210 1062 322 1136 optime
345 1063 483 1122 correxit.
532 1062 599 1122 Non
623 1064 702 1122 enim
718 1064 857 1123 Vincenti
881 1063 996 1140 eclogas
1013 1064 1131 1122 easdem
1154 1082 1216 1123 esse
1239 1067 1331 1138 atque

209 1149 415 1230 Scaligeranas
439 1172 536 1228 neque
559 1152 647 1210 illum
663 1154 773 1212 saeculi
788 1152 865 1211 XIII
883 1153 1059 1228 scriptorem
1082 1153 1201 1229 integro
1216 1151 1330 1210 Tibulli

210 1241 310 1300 codice
333 1260 424 1300 usum
448 1261 520 1312 esse,
553 1243 602 1302 sed
628 1262 664 1301 ex
687 1261 748 1302 uno
772 1244 935 1318 eodemque
959 1246 1051 1317 atque
1074 1261 1144 1302 eum
1167 1241 1221 1317 qui
1238 1240 1330 1301 Scali-

210 1330 275 1407 geri
299 1331 416 1408 eclogas
440 1331 624 1408 conscripsit,
658 1331 793 1395 hausisse
824 1331 917 1400 fonte,
950 1331 1038 1390 certis
1069 1331 1238 1390 rationibus
1261 1350 1330 1406 pro-

208 1419 304 1478 bavit.
351 1420 446 1490 Quem
469 1421 583 1481 fontem
599 1441 667 1480 cum
683 1441 733 1498 pg.
750 1426 790 1485 36
816 1422 948 1480 censeret
963 1420 1145 1497 florilegium
1161 1419 1331 1478 Parisinum

209 1528 268 1567 non
292 1509 393 1583 fuisse,
418 1528 490 1568 casu
505 1511 601 1588 magis
619 1529 712 1586 quam
735 1510 824 1585 culpa
840 1509 986 1568 erravisse
1010 1509 1147 1572 ridetur:
1172 1510 1228 1568 tali
1252 1509 1330 1568 enirn

208 1598 437 1658 ratiocinatione
460 1618 534 1659 usus
559 1603 612 1672 cst,
638 1599 832 1658 Vincentium
859 1599 884 1657 si
908 1598 1225 1675 116616666666666161)
1250 1599 1330 1658 codi-

209 1707 283 1758 cem,
300 1707 390 1764 quern
401 1688 497 1747 solum
511 1709 546 1748 ex
558 1687 723 1747 Woelfflini
735 1689 939 1764 disputatione
951 1693 1134 1765 cognoverat
1145 1687 1329 1758 Protnenius,

209 1779 413 1852 excerpsissct,
438 1798 497 1837 non
513 1777 680 1838 Tibullium
695 1781 816 1858 poetam
839 1777 932 1837 fuisse
948 1781 1137 1848 vocaturum,
1162 1797 1231 1837 cum
1246 1776 1330 1834 Pari·

207 1867 274 1924 sina
299 1870 437 1942 excerpta
468 1867 719 1927 inscriberentur:
758 1867 917 1941 „Tibullus
950 1867 987 1926 de
1012 1867 1158 1926 felicitate
1189 1867 1330 1942 pauperis

209 1955 327 2028 vitae“;
363 1975 460 2031 neque
483 1958 544 2016 tres
569 1958 648 2016 locos
672 1977 689 2015 a
712 1957 859 2033 florilegio
884 1957 995 2015 alienos
1018 1956 1043 2027 Ι,
1072 1961 1099 2026 1,
1128 1961 1222 2018 1-4.
1248 1955 1273 2027 Ι,
1299 1961 1329 2026 8,
1372 1993 1379 2008 ι

210 2049 262 2108 46.
287 2045 313 2116 Ι,
340 2051 368 2116 6,
395 2050 435 2108 52
461 2047 565 2106 afferre
589 2046 732 2121 potuisse.

299 2127 342 2192 At
366 2138 468 2194 extant
490 2135 521 2193 in
545 2138 676 2211 utroque
699 2134 839 2211 florilegii
862 2134 992 2193 Parisini
1020 2134 1120 2193 codice
1142 2151 1249 2194 versus
1272 2133 1328 2207 illi,

210 2224 240 2281 et
255 2241 361 2283 nomen
374 2223 500 2283 Tibullii
522 2224 575 2283 illa
592 2226 691 2284 aetate
705 2225 861 2283 hominum
878 2225 1003 2283 auribus
1025 2227 1088 2282 tarn
1109 2227 1179 2299 apte
1195 2224 1329 2282 sonuisse

209 2311 340 2386 videtur,
365 2315 401 2372 ut
424 2314 496 2373 haec
519 2314 647 2373 nominis
670 2314 767 2372 forma
791 2317 868 2373 esset
891 2313 1105 2385 usitatissima3
1135 2313 1166 2371 id
1190 2312 1271 2388 quod
1294 2329 1330 2370 ex

210 2419 243 2458 6ο
268 2401 398 2461 efficitur
422 2402 625 2477 quodetiam
653 2403 679 2461 is
712 2403 766 2478 qui
789 2403 992 2480 Frisingensia
1023 2405 1161 2477 excerpta
1190 2401 1328 2475 confecit,

209 2491 322 2549 saeculi
333 2491 377 2548 XI
401 2493 615 2569 grammaticus
626 2491 662 2569 ³),
687 2493 820 2566 primurn
835 2491 955 2567 scripsit
971 2492 1104 2562 Tibullii,
1128 2495 1230 2567 postea
1246 2491 1329 2568 geni-

208 2579 308 2638 tivum
331 2580 434 2640 littera
457 2582 466 2638 i
492 2600 575 2640 erasa
597 2582 628 2639 in
652 2581 766 2640 Iibulli
789 2581 915 2642 formam
949 2581 1097 2652 maravia
1134 2581 1193 2640 huc
1217 2580 1331 2639 accedit

210 2669 290 2744 quod
319 2669 383 2745 1666
406 2669 561 2729 Parisinus
592 2672 668 2730 alter
702 2672 786 2734 7647
821 2690 911 2746 quern
940 2671 1117 2746 Meynclxius
1148 2669 1329 2746 divulgavit,

210 2759 330 2818 exhibet
357 2758 553 2833 „Tibullius.“
603 2760 809 2820 Certissimum
826 2779 897 2819 voro
922 2762 1134 2837 argumentum
1151 2778 1212 2836 quo
1227 2763 1330 2818 nostra

210 2848 360 2906 sententia
382 2851 537 2923 probetur,
572 2850 628 2910 hoc
657 2849 730 2907 mihi
755 2849 892 2924 videtur,
920 2850 1001 2926 quod
1024 2849 1055 2907 in
1079 2849 1230 2909 Vincentii
1253 2849 1329 2908 libro

210 2937 293 2995 etin
316 2937 470 3015 florilegus
494 2938 637 2997 Parisinis
670 2940 788 2998 eaedem
811 2939 1005 3014 reperiuntur
1028 2957 1172 2997 versuum
1194 2939 1329 3012 lacunae,

209 3025 348 3084 velutin
371 3027 429 3100 III,
455 3033 484 3098 3,
514 3034 549 3091 11
577 3047 633 3105 sq,
664 3027 719 3087 ubi
749 3029 778 3085 in
812 3029 952 3104 utrisque
984 3028 1130 3103 excerptis
1154 3045 1259 3088 versus
1287 3033 1328 3090 14

210 3117 240 3173 61
267 3121 304 3179 15
330 3119 402 3174 6661
425 3117 534 3175 omissi.
1174 3183 1176 3187 ¹

300 3203 375 3263 Cum
390 3205 486 3282 igitur
498 3205 713 3266 Vincentianae
731 3207 849 3284 eelogae
865 3226 924 3265 non
939 3207 997 3266 nisi
1011 3206 1190 3266 lectionibus
1205 3205 1329 3264 minutis

209 3293 387 3372 aflorilegii
409 3295 538 3354 Parisini
567 3295 666 3355 codice
690 3295 853 3371 archetypo
885 3296 1061 3371 discrepent,
1097 3315 1195 3370 neque
1217 3295 1329 3354 maiore

209 3403 300 3458 quam
330 3383 406 3442 illud
435 3384 527 3444 fuisse
560 3385 677 3444 ambItu
701 3385 871 3455 videantur,
906 3385 979 3461 quin
1013 3385 1104 3444 etiarn
1134 3385 1257 3444 lacunas
1281 3405 1329 3444 en-

209 3472 332 3531 hibeant
355 3473 482 3546 easdem,
507 3473 701 3534 Vincentium
724 3475 823 3533 codice
839 3474 969 3549 quodam
985 3474 1125 3551 florilegii
1141 3473 1223 3534 illius
1239 3493 1329 3533 usum

210 3579 271 3620 esse
295 3564 427 3637 apparet.

299 3649 379 3720 Quas
402 3655 504 3712 autem
527 3651 659 3730 Scaliger
682 3652 821 3712 adhibuit
844 3653 960 3731 eclogas
983 3652 1170 3712 Tibullianas
1193 3672 1229 3711 ex
1244 3652 1328 3710 Pari-

210 3740 273 3798 sino
296 3741 436 3818 florilegii
461 3759 620 3816 emanasse,
648 3742 704 3801 hac
726 3743 843 3800 rationo
866 3745 966 3817 potest
989 3742 1095 3802 evinci.
1143 3740 1226 3811 Quae
1249 3742 1329 3800 inter

209 3831 339 3905 utraque
364 3833 502 3906 excerpta
519 3833 622 3890 extant
638 3831 854 3906 discrepantiae
877 3831 1045 3891 levissimae
1061 3850 1193 3907 casuque
1209 3834 1328 3890 exortae

209 3923 289 3977 sunt.
336 3920 379 3979 Ut
401 3939 497 3996 pauca
513 3921 634 3980 afferam
651 3921 793 3996 exempla,
818 3921 849 3978 in
865 3921 918 3983 lib.
943 3920 968 3994 I,
997 3926 1024 3992 l,
1049 3927 1091 3984 44
1111 3923 1250 3995 excerpta
1273 3939 1328 3978 sua

209 4067 422 4078 ——-—.——

300 4147 326 4215 1)
345 4149 505 4204 dissertatio
524 4169 548 4205 a.
570 4149 638 4204 1865
657 4151 771 4205 Bonnae
791 4150 899 4205 emissa.

298 4238 325 4303 2)
344 4241 374 4293 id
393 4244 435 4294 est
453 4240 612 4294 Parisinurn
629 4240 772 4294 11017903.

298 4328 325 4395 3)
344 4330 389 4383 vel
407 4330 500 4400 potius
519 4329 649 4382 librarius
668 4330 752 4398 paulo
771 4327 915 4382 recentior.
