3242 5084
791 389 1010 448 „42-

338 564 444 622 tenues
467 563 557 623 denso
580 563 697 639 pectine
720 564 806 624 noete
830 582 928 623 eomas
952 597 983 608 —·
1003 565 1110 623 tenues
1125 564 1215 622 denso
1238 565 1357 638 pastore
1371 563 1460 623 dente

338 671 436 712 eomas
460 650 494 714 Ο.
530 650 588 722 ΙΙΙ,
614 658 644 724 4,
671 657 728 717 66:
753 653 856 728 potuit
881 687 921 696 -
946 653 1049 712 doouit
1072 652 1107 712 0.

429 740 536 800 Omnes
566 741 628 801 fero
658 743 771 801 oodioee
804 745 917 801 cetoros
947 742 1057 818 passim
1091 761 1144 818 per
1173 740 1370 802 bibliothecas
1398 741 1458 800 dis·

338 849 450 907 persos,
475 830 564 891 sicuti
586 831 841 891 Lachmannianos
863 831 975 906 partim
998 851 1033 891 ex
1058 830 1264 904 Ambrosiano,
1290 831 1400 907 partim
1424 851 1458 890 er

339 920 484 980 Vaticano
516 940 570 997 por
601 921 701 980 varios
725 921 836 998 gradus
859 921 990 994 fluxisse,
1015 921 1111 998 magis
1134 920 1291 998 magisque
1314 918 1458 998 gliscente

339 1014 370 1070 et
385 1009 614 1085 interpolatione
631 1012 661 1069 et
676 1010 897 1085 depravatione,
920 1004 1068 1070 Ae'milins
1082 1009 1281 1069 Baehrensius
1297 1009 1328 1067 in
1344 1009 1457 1086 proleg.

338 1119 389 1177 pg.
413 1098 457 1158 IX
484 1101 632 1173 testatur,
663 1117 774 1174 pauoos
802 1118 837 1157 ex
861 1099 956 1158 altera
978 1098 1093 1158 familia
1115 1102 1202 1158 natos
1225 1116 1335 1174 eosque
1358 1116 1458 1157 omnes

338 1188 537 1247 multifariam
564 1188 650 1247 novis
680 1188 963 1264 interpolationibus
991 1208 1027 1246 ex
1055 1188 1148 1263 stirpe
1170 1187 1198 1245 Y
1226 1187 1325 1247 duotis
1356 1187 1457 1262 inqui·

337 1281 424 1336 natos
458 1281 558 1336 extare
589 1277 680 1350 dioit,
712 1278 757 1337 ita
787 1280 824 1336 ut
851 1277 932 1337 solus
955 1276 1227 1353 Guelferbytanae,
1258 1297 1292 1336 ex
1324 1296 1384 1352 quo
1412 1276 1455 1333 illi

287 1415 289 1419 .
337 1366 479 1441 descripti
502 1367 562 1425 sint
586 1366 681 1432 altera
704 1387 796 1425 manu
819 1367 993 1426 correotoris
1016 1366 1077 1426 iarn
1100 1366 1221 1436 addita,
1249 1366 1281 1423 in
1314 1365 1383 1425 orisi
1407 1365 1457 1423 Ti·

336 1456 473 1516 bulliana
496 1460 614 1531 praeter
637 1457 665 1514 A
689 1459 719 1515 et
742 1456 770 1513 V
793 1456 902 1515 debeat
924 1456 1070 1515 adhiberi.

426 1544 491 1603 Iam
525 1545 622 1623 igitur
651 1545 687 1605 de
720 1548 776 1606 hoo
811 1545 911 1605 oodioe
944 1545 1091 1622 singulari
1124 1544 1278 1604 rideamus
1309 1541 1382 1619 quid
1417 1541 1457 1600 sit

338 1633 542 1692 statuendum.
