3242 5084
612 462 830 522 ..45...

382 638 514 711 bytanus
530 636 678 695 secundus
695 636 749 710 qui
764 635 893 694 Pontani
910 636 987 695 solet
1009 635 1132 694 inventa
1155 634 1279 710 sequi“;

382 725 473 784 immo
505 744 575 785 vero
608 725 763 785 Pontanus
794 725 877 784 illius
907 725 1049 784 lectiones
1076 724 1205 799 optimas
1234 742 1280 783 se·

382 819 472 874 cutus
495 817 549 874 est.

249 910 279 976 4,
296 909 355 968 36:
379 904 431 964 ille
454 903 481 962 G
508 937 544 948 -—
570 904 643 979 ipse,
668 907 723 963 cet.

249 997 278 1066 5,
294 997 353 1058 82:
380 997 429 1052 eat
452 992 479 1051 G
505 1027 538 1036 -
569 993 636 1063 erit,
661 998 718 1052 cet.

249 1087 278 1152 6,
293 1087 352 1147 45:
376 1086 463 1142 necat
486 1080 513 1140 G
542 1116 574 1126 -
602 1084 696 1156 vetat,
721 1086 777 1142 oet.

166 1196 224 1268 III,
250 1203 280 1271 4,
295 1203 354 1261 64:
378 1217 466 1273 prece
489 1197 516 1256 G
540 1235 580 1244 -
605 1197 673 1272 fide,
698 1202 753 1259 cet.
778 1197 846 1273 (cfr.
871 1196 928 1269 HI,
955 1201 984 1264 6,
1010 1198 1064 1271 46)

249 1292 278 1358 6,
316 1292 352 1351 2:
378 1306 464 1365 geras
489 1286 515 1346 G
540 1323 580 1330 —
605 1288 692 1359 feras,
718 1291 774 1347 cet.

166 1393 221 1468 IV,
250 1400 277 1464 1,
317 1400 351 1456 l:
376 1397 431 1452 tua
455 1394 517 1470 (vel
540 1397 599 1470 me)
625 1393 651 1452 G
676 1428 713 1437 -
740 1414 817 1464 mea,
842 1397 899 1452 cet.

248 1488 278 1556 8,
316 1488 352 1546 8:
378 1482 524 1552 Quoniam
549 1481 575 1540 G
599 1519 639 1528 —
664 1483 816 1557 Quamvis,
840 1486 896 1544 oet.

156 1641 269 1700 Tamen
292 1643 348 1702 bae
371 1643 512 1702 lectiones
536 1644 674 1719 quamvis
698 1644 882 1719 praeclarae,
907 1644 1033 1703 fortusse
1056 1663 1165 1718 pamm
1188 1663 1279 1720 grave

157 1734 372 1808 argumentum
406 1732 500 1791 videri
533 1736 677 1807 possunt,
709 1752 763 1792 cur
791 1733 921 1793 codicem
952 1732 1127 1792 Galterius
1149 1731 1280 1791 familiae

157 1840 220 1880 esse
244 1825 426 1885 statuamus.
466 1820 524 1879 Sed
540 1822 636 1897 quid?
660 1823 684 1880 si
710 1826 849 1898 excerpta
864 1822 966 1898 aliqua
989 1842 1006 1880 a
1028 1823 1122 1897 stirpe
1143 1822 1279 1882 codicum

156 1912 331 1969 nostrorum
347 1911 464 1970 diversa
480 1930 549 1970 cum
571 1911 625 1970 illo
648 1911 800 1970 affinitate
821 1911 981 1970 coniuncta
1004 1931 1068 1971 esse
1091 1912 1277 1985 evicerimus

157 2000 337 2059 concedetur
367 1999 517 2075 profecto,
549 2000 624 2058 duas
655 2001 741 2060 nobis
773 2001 804 2058 in
832 2000 947 2058 Tibulli
977 2001 1158 2060 carminibus
1189 2001 1278 2060 resti·

156 2089 278 2148 tuendis
303 2089 438 2148 codicum
461 2089 590 2148 familias
614 2108 677 2148 esse
696 2092 825 2164 praesto,
851 2089 976 2149 alteram
998 2091 1035 2159 Y,
1061 2091 1186 2149 alteram
1209 2089 1278 2150 libri

157 2176 397 2254 Guelferbytani.
437 2177 585 2254 Excerpta
600 2181 702 2237 autem
717 2179 770 2238 illa
794 2182 912 2238 exstant
935 2180 965 2238 in
989 2179 1135 2257 florilegio
1159 2179 1277 2257 gallice,

157 2267 195 2326 de
218 2286 279 2342 quo
303 2286 394 2342 supra
427 2271 503 2345 (cap.
528 2267 553 2338 Ι,
579 2272 595 2341 ξ
622 2277 639 2332 3
665 2272 695 2326 et
718 2267 751 2351 4)
784 2268 923 2344 pluribus
955 2269 1196 2345 disputavimus,
1227 2268 1278 2326 sed

139 2374 219 2431 ‚quo
235 2356 421 2434 cognationis
437 2357 533 2434 gradu
548 2357 727 2416 recentiores
752 2357 866 2417 codices
889 2361 1005 2418 nostros
1029 2359 1195 2437 contingat,
1219 2377 1278 2417 non

157 2445 313 2520 potuimus
336 2446 512 2521 perspicere.

249 2560 346 2630 Quam
378 2565 442 2620 orte
466 2580 536 2621 voro
561 2582 577 2620 a
601 2562 778 2639 cognatione
809 2566 948 2638 excerpta
971 2562 1106 2622 Parisino
1135 2564 1165 2622 et
1188 2562 1278 2621 codex

157 2649 183 2708 G
208 2649 287 2709 inter
311 2668 341 2709 se
365 2652 550 2721 cohaereant,
575 2651 772 2710 Baehrensius
795 2653 909 2728 proleg.
934 2672 984 2729 pg.
996 2651 1068 2709 XIV
1092 2653 1278 2711 demonstra·

158 2739 214 2813 vit,
240 2758 300 2815 quo
323 2740 387 2798 loco
410 2739 523 2799 Italum
547 2741 695 2815 quendam
718 2741 857 2818 florilegii
880 2741 1009 2800 codicem
1029 2743 1153 2801 nactum
1168 2761 1278 2800 novam

156 2829 235 2888 hanc
259 2828 489 2905 Guelferbytani
513 2830 711 2888 recensionem
734 2830 893 2890 instituere
923 2850 983 2889 non
1006 2831 1141 2905 potuisse
1163 2830 1278 2906 primae

158 2917 272 2995 elegiae
302 2918 481 2978 lectionibus
513 2918 611 2978 evicit.
659 2917 775 2988 Quibus
802 2921 973 2994 ponderatis
1004 2920 1060 2980 hoc
1090 2920 1192 2995 posuit
1215 2920 1276 2992 ille,

157 3006 333 3082 ubicunque
368 3011 505 3083 excerpta
542 3007 779 3067 destituerentur
810 3007 1042 3084 Guelferbytani
1077 3008 1276 3079 consensione,

158 3095 403 3170 interpolationes
434 3097 494 3155 iam
525 3097 720 3171 deprehendi,
753 3097 926 3173 ubicunque
950 3101 1051 3157 autern
1076 3097 1278 3158 consentirent

158 3184 220 3257 illa,
245 3185 496 3260 praeclarissimas
519 3185 581 3244 fere
604 3185 746 3245 lectiones
769 3188 805 3245 ab
830 3186 872 3244 eis
895 3187 985 3245 tradi.
1024 3186 1106 3246 Haec
1128 3186 1277 3246 sententia

156 3292 230 3331 num
254 3274 345 3333 etiam
369 3279 536 3335 ceterorum
560 3275 726 3334 carminum
749 3275 927 3334 lectionibus
950 3277 1096 3350 probetur
1112 3276 1274 3334 videamus.

156 3363 259 3438 Atque
283 3364 413 3438 primum
437 3364 558 3440 quidem
582 3383 630 3422 eas
652 3363 793 3422 lectiones
809 3365 1035 3440 perlustramus,
1060 3365 1171 3441 quibus
1194 3364 1275 3422 flori·

156 3450 270 3528 legium
300 3453 444 3529 gallicum
477 3454 575 3528 quoad
608 3454 672 3512 eius
705 3453 871 3528 scripturas
903 3472 1060 3532 germanas
1091 3474 1126 3513 ex
1158 3453 1276 3512 duobus

156 3540 240 3600 libris
264 3541 407 3601 Parisinis
438 3542 577 3620 colligere
608 3561 784 3618 possumus,
820 3562 889 3602 cum
918 3544 1017 3604 codiee
1041 3542 1275 3618 Guelferbytano

156 3631 313 3690 consentit.
361 3630 439 3690 Sunt
463 3635 565 3692 autem
589 3633 660 3690 hae:

512 3818 548 3878 G.
573 3819 640 3878 Par.
964 3820 993 3877 Y

394 3933 419 4005 I,
445 3940 474 4006 4,
501 3940 560 3999 29:
585 3935 721 4009 deperdit
863 3939 895 3994 te
915 3935 1015 4011 perdit

444 4029 473 4097 9,
522 4029 558 4088 9:
582 4024 731 4099 petituras
866 4025 1015 4099 petituros

423 4117 472 4186 10,
497 4117 557 4177 39:
582 4112 679 4182 Quam
866 4112 945 4182 Quin

422 4207 472 4276 10,
497 4208 556 4265 49:
581 4202 684 4261 bidens
865 4203 964 4262 nitens

307 4306 470 4366 vomerque
493 4291 596 4368 vigent
621 4290 712 4366 (nitet
735 4291 806 4368 Par)
863 4311 966 4352 vomer
989 4291 1099 4351 viderit
