3242 5084
549 1224 698 1290 cucur
720 1198 943 1290 s'rrruuu.

241 1370 286 1446 De
316 1370 486 1447 codicibus
513 1367 794 1444 Lachmannianis
820 1381 857 1444 et
884 1368 1140 1444 Baehrensiauis
1167 1368 1250 1447 lv,

271 1568 316 1627 De
347 1567 564 1628 recentioribus
597 1567 749 1627 codicibus
780 1567 834 1642 qui
853 1581 883 1626 'a
913 1566 1018 1626 Carolo
1049 1565 1240 1628 Lachmanno
1272 1572 1302 1628 et

182 1657 311 1718 Aemilio
334 1657 515 1717 Baehrensic
545 1651 577 1716 in
608 1659 787 1732 apparatum
820 1656 960 1716 criticum
990 1656 1138 1731 assumpti
1160 1661 1241 1728 sunt,
1266 1660 1303 1717 ut

181 1749 263 1806 recte
285 1747 419 1806 iudicare
442 1746 600 1823 possimus,
624 1746 755 1822 primum
778 1765 878 1821 pauca
899 1746 936 1804 de
959 1744 1095 1805 codicum
1117 1749 1215 1806 aetate
1231 1752 1303 1807 sunt
1367 1761 1376 1784 ·

182 1837 346 1910 monenda3
383 1835 488 1896 deinde
522 1853 718 1911 quaeremus,
752 1841 858 1894 utrum
888 1853 988 1894 omnes
1019 1854 1054 1893 ex
1086 1835 1188 1893 eodem
1218 1835 1302 1896 fonte

181 1926 370 1985 manauerint
402 1945 439 1983 an
469 1924 500 1984 id
533 1924 613 2002 quod
647 1924 679 1982 in
713 1943 746 1984 re
780 1923 886 1983 critica
917 1923 1084 1984 factitando
1116 1924 1225 1984 summi
1257 1929 1302 1985 est

181 2015 289 2091 pretii,
322 2015 424 2091 plures
448 2032 524 2090 quas
555 2014 660 2073 dicunt
690 2013 854 2074 habeamus
878 2013 1013 2079 codicum
1044 2012 1192 2084 familias3
1225 2034 1303 2089 qnae

182 2104 319 2180 quaestio
349 2104 394 2162 ita
417 2104 529 2180 optime
560 2103 633 2161 mibi
665 2103 787 2162 videtur
818 2102 957 2173 institui,
987 2105 1024 2162 ut
1047 2122 1064 2161 a
1088 2103 1301 2163 vetustissimis

181 2193 381 2254 recentiorum
416 2192 542 2269 ideoque
573 2192 696 2251 minime
726 2191 915 2269 interpolatis
938 2191 1136 2250 Ambrosiano
1160 2196 1190 2252 et
1215 2192 1301 2252 Vati·
1337 2244 1339 2249 .

182 2302 253 2342 cano
284 2282 445 2342 Baehrensi
476 2281 709 2359 proficiscentes,
740 2300 799 2358 quo
835 2280 1021 2359 cognationis
1051 2280 1173 2341 vinculo
1202 2280 1300 2341 Lach-

181 2371 281 2430 manni
306 2371 459 2432 Parisinus
491 2374 589 2432 aetate
619 2371 773 2447 proximus
805 2390 875 2430 cum
902 2370 962 2429 illis
985 2369 1164 2430 coniunctus
1187 2370 1227 2430 sit
1250 2391 1300 2430 ex·

181 2461 353 2536 planemus,
388 2465 456 2520 tum
488 2481 562 2520 num
584 2460 768 2521 Lachmanni
798 2461 835 2520 de
867 2460 952 2518 libris
976 2460 1004 2518 A
1028 2462 1058 2518 et
1082 2457 1104 2518 0
1134 2460 1300 2521 sententiae

179 2549 317 2609 assentiri
345 2550 493 2626 possimus
528 2549 702 2620 videamus,
739 2549 868 2626 denique
903 2542 1176 2624 Guelferbytannm
1210 2569 1300 2626 quem

178 2638 376 2698 Baehrensius
401 2640 478 2698 alius
501 2639 632 2699 familiae
648 2639 843 2716 propaginem
860 2637 922 2698 esse
946 2641 1055 2712 censet,
1080 2638 1298 2712 examinemus3

178 2731 327 2804 postremo
358 2728 422 2787 utri
446 2729 547 2806 generi
570 2729 716 2789 librorum
739 2729 836 2789 maior
860 2728 1024 2789 auctoritas
1054 2727 1217 2787 tribuenda
1248 2729 1298 2801 sit,

179 2817 362 2880 constituere
386 2817 569 2882 conabimur.

451 3030 474 3084 l.
493 3028 535 3084 Ile
553 3027 684 3084 codicum
702 3027 901 3083 recentlorum
919 3027 1025 3083 aetate.

266 3159 311 3219 De
334 3158 518 3220 Lachmanni
541 3158 693 3219 codicibus
716 3157 775 3216 iam
799 3176 891 3232 snpra
913 3156 1144 3216 memoravimus
1167 3156 1297 3231 primum

178 3248 231 3324 qui
247 3251 312 3308 erat
328 3248 540 3324 archicpiscopi
562 3247 766 3317 Eboracensis,
791 3247 820 3304 A
843 3265 920 3304 anno
942 3250 1032 3309 1425·
1048 3263 1111 3304 esse
1130 3247 1297 3317 exaratum,

178 3338 307 3396 alterum
330 3338 500 3397 Parisinum
521 3340 617 3411 7989,
641 3336 667 3394 Β
690 3354 767 3395 anno
794 3335 877 3400 1423
902 3335 1060 3410 scriptum,
1084 3337 1199 3394 ceteros
1223 3352 1298 3409 quos

177 3427 395 3488 recentissimos
410 3427 485 3488 dicit
508 3427 554 3485 vir
571 3425 771 3496 doctissimae,
796 3427 876 3485 certe
891 3424 986 3483 altera
1001 3422 1113 3482 saeculi
1128 3422 1184 3480 XV
1198 3425 1296 3498 parte,

178 3536 246 3577 cum
271 3517 372 3576 studia
403 3515 595 3592 antiquitatis
627 3515 688 3574 iam
718 3514 846 3573 maxime
876 3514 1016 3572 florerent
1047 3511 1296 3590 atqueqvirorum

175 3606 334 3665 doctorum
367 3605 493 3666 audacia
519 3605 734 3680 temeritasque
761 3604 793 3663 in
818 3602 971 3663 codicibus
994 3599 1177 3678 corrigendis
1199 3600 1297 3679 magis

176 3695 334 3774 magisque
346 3695 495 3773 glisceret,
510 3711 571 3754 esse
584 3694 747 3765 confectos3
762 3691 976 3752 Askewianum
988 3690 1110 3767 quidem
1122 3708 1199 3750 anno
1212 3692 1295 3755 1463

178 3787 333 3844 exaratum
357 3801 419 3844 esse
443 3786 569 3848 constet,

266 3872 468 3933 EBaehrensi
485 3876 587 3932 autem
604 3871 756 3933 codicibus
771 3869 989 3930 Ambrosianus
1013 3869 1040 3926 A
1056 3868 1136 3929 circa
1152 3889 1178 3928 a.
1201 3873 1295 3940 1374,

176 3963 203 4021 si
217 3982 276 4023 non
292 3963 383 4039 paulo
400 3965 497 4033 antea,
522 3962 652 4037 scriptus
676 3979 739 4020 esse
762 3959 899 4031 videtum
924 3979 959 4019 ex
974 3959 1195 4035 subscriptione
1217 3958 1297 4018 enim

178 4073 255 4128 quae
278 4052 308 4110 in
332 4052 389 4111 fine
413 4052 602 4110 membranae
624 4053 693 4127 post
715 4048 829 4109 Tibulli
852 4049 947 4107 vitam
971 4047 1075 4107 addita
1098 4051 1160 4108 est:
1187 4046 1297 4122 ,Liber

178 4140 291 4202 Oclucii
321 4141 407 4218 pyeri
439 4139 614 4201 Cancellarii
644 4138 827 4212 florentini“,
859 4137 989 4198 codicem
1020 4136 1134 4196 Oolutii
1164 4135 1297 4196 Salutati

177 4230 270 4291 fuisse
293 4230 499 4308 intellegitur,
532 4230 567 4289 de
591 4248 652 4306 quo
674 4229 823 4289 librorum
850 4247 943 4288 manu
966 4226 1148 4304 scriptorum
1170 4225 1295 4286 inuesti-

178 4323 282 4402 gatore
305 4317 505 4383 Baehrensius
528 4319 559 4378 in
582 4319 696 4402 proleg.
722 4317 862 4384 editionis
884 4335 958 4382 suae
973 4315 1083 4380 Catull.
1107 4315 1201 4400 pg.X
1224 4316 1295 4399 plu·
