3242 5084
770 447 990 504 ..10-

611 578 650 673 ll.
669 616 710 672 lle
729 616 881 685 excerptis
899 615 1146 684 Frlslngcnslbns.

409 743 573 828 Postquam
603 744 755 803 Lucienus
787 745 954 804 Muellerus
969 743 992 825 ¹)
1030 745 1164 804 evincere
1203 745 1339 817 studuit,
1373 743 1439 801 Fri-

319 833 504 910 singensium
533 833 697 909 scripturas
738 854 806 893 cum
845 835 966 892 nullum
1004 834 1244 910 interpolationis
1275 833 1440 910 vestigium

318 924 512 999 praeberent,
545 943 560 982 c
584 923 787 982 vetustissimo
819 924 918 983 codice
950 943 1044 999 eoque
1067 927 1191 998 optumo
1224 926 1315 999 atque
1339 942 1438 980 emen-

319 1011 472 1071 datissimo
495 1011 642 1087 originem
665 1012 803 1084 duxisse,
829 1013 919 1073 ceteri
943 1031 1043 1072 omnes
1067 1013 1120 1088 qui
1143 1013 1179 1072 de
1203 1014 1258 1072 hac
1281 1031 1314 1070 rc
1336 1014 1440 1086 postea

319 1102 511 1178 scripserunt,
536 1101 622 1160 velut
644 1101 790 1162 Ernestus
814 1102 990 1162 Protzenius
1013 1103 1044 1160 in
1067 1101 1199 1176 libello²)
1232 1102 1269 1160 de
1292 1101 1438 1176 excerptis

319 1190 498 1250 Tibullianis
523 1192 552 1248 et
565 1190 712 1250 Aemilius
727 1191 907 1251 Baehresius
919 1192 951 1249 in
968 1191 1106 1250 editionis
1123 1209 1195 1249 suae
1209 1190 1438 1267 prolegomenis

318 1281 395 1339 hanc
426 1279 605 1339 sententiam
636 1281 731 1340 secuti
760 1283 865 1341 contra
893 1281 993 1357 ipsum
1021 1280 1156 1339 omniurn
1179 1280 1367 1357 integrorum
1390 1298 1439 1338 co-

317 1370 418 1429 dicum
442 1385 618 1428 consensum
642 1370 733 1430 ctiam
756 1371 903 1430 scribendi
932 1370 1080 1428 rationem
1111 1389 1188 1445 quae
1211 1369 1242 1426 in
1266 1368 1438 1445 Frisingen-

318 1459 401 1519 sibus
425 1459 595 1532 adhibetur,
619 1459 651 1517 in
664 1460 807 1520 editiones
827 1459 1025 1535 recipiendam
1044 1477 1107 1518 esse
1119 1459 1302 1518 statuerunt.
1336 1458 1440 1533 Atque

318 1551 397 1608 certe
422 1547 542 1624 quidem
565 1547 675 1626 insigni
697 1550 755 1608 fide
778 1549 936 1608 nonnullas
959 1548 1072 1607 Tibulli
1102 1549 1268 1623 scripturas
1301 1551 1440 1622 excerpta

318 1637 372 1697 illa
403 1639 617 1708 servaverunt,
651 1638 761 1714 quibus
794 1638 906 1713 partim
938 1639 1104 1697 alterutrae
1135 1637 1270 1696 codicum
1297 1637 1439 1696 lectiones

319 1727 535 1786 confirmantur
548 1725 592 1802 3),
624 1728 736 1802 partim
766 1728 824 1786 loci
856 1728 990 1803 corrupti
1022 1727 1133 1802 optime
1164 1727 1358 1803 coraiguntur
1390 1726 1439 1784 vel

318 1835 422 1876 versus
447 1816 621 1875 emendandi
644 1835 715 1876 ansa
738 1819 900 1893 praebetur
911 1815 948 1892 4).
995 1817 1100 1892 Neque
1130 1817 1222 1874 codex
1245 1816 1287 1886 is,
1320 1835 1355 1873 ex
1379 1834 1439 1890 quo

319 1908 458 1981 excerpta
488 1905 622 1981 profecta
645 1909 733 1981 sunt,
757 1907 852 1965 ullam
883 1905 1123 1982 interpolationis
1154 1905 1360 1983 contagionem
1389 1925 1439 1964 ex-

318 1998 422 2071 pertus
447 2013 508 2054 esse
532 1995 670 2068 videtur3
694 2016 764 2054 nam
777 2014 882 2056 versus
894 1995 961 2054 illos
981 1995 1117 2054 consulto
1133 1997 1342 2064 commutatos,
1364 2012 1439 2069 quos

318 2085 350 2142 in
372 2085 445 2160 ipsis
469 2084 709 2162 Frisingensibus
734 2085 951 2160 deprehendere
974 2102 1150 2160 possumus,
1175 2084 1202 2143 ci
1225 2083 1278 2160 qui
1302 2087 1440 2158 excerpta

319 2174 453 2244 confecit,
477 2192 535 2232 non
560 2174 667 2234 codicis
690 2175 804 2234 vetusti
827 2174 950 2234 librario
982 2174 1158 2233 tribuendos
1191 2191 1253 2232 esse
1276 2173 1381 2231 statim
1403 2192 1439 2232 ex

318 2265 382 2339 ipso
404 2263 643 2338 interpolationis
667 2284 773 2342 genere
797 2264 965 2341 apparebit.
1017 2262 1146 2322 Versum
1170 2262 1292 2338 quidem
1315 2261 1339 2336 I,
1365 2267 1394 2332 4,
1419 2267 1438 2325 9

295 2354 410 2413 -ceteri
432 2353 546 2412 codices
571 2357 652 2414 recte
675 2354 816 2413 exhibent
838 2354 949 2412 talem:

479 2439 503 2500 Ο
527 2441 600 2520 fuge
623 2446 654 2503 te
676 2446 796 2502 tenerae
820 2461 982 2519 puerorum
1007 2442 1125 2500 credere
1147 2443 1266 2514 turbae,

318 2532 409 2592 codex
432 2531 631 2609 Frisingensis
654 2532 805 2592 levIssima
830 2532 950 2608 quidem
972 2530 1184 2589 immutatione
1204 2531 1295 2588 unius
1319 2530 1439 2589 litterae

318 2621 497 2680 sententiam
521 2622 681 2695 paululum
703 2623 828 2698 praebet
850 2620 1113 2681 transformatam:
1147 2617 1172 2678 0
1196 2619 1294 2697 fugite
1318 2622 1439 2679 tenerae

318 2731 343 2770 c.
368 2731 397 2786 q.
423 2729 467 2786 sq.
492 2709 518 2784 I,
544 2715 573 2781 9,
598 2717 640 2774 45
664 2730 717 2786 pro
739 2711 857 2770 Tibulli
880 2729 987 2769 versu:

522 2798 600 2858 Ihrm
623 2800 712 2860 miser
733 2800 846 2874 interii,
871 2799 965 2859 stulte
988 2797 1116 2859 confisus
1140 2798 1233 2857 amari

317 2888 347 2946 in
372 2888 518 2963 excerptis
541 2890 688 2966 scriptum
718 2889 847 2967 legitur:
879 2888 1017 2948 Omiser
1048 2887 1150 2946 interii
1174 2906 1198 2945 e.
1223 2908 1252 2962 q.
1278 2905 1334 2962 sq.‚
1358 2886 1438 2944 unde

316 2977 427 3036 inIuria
450 2977 601 3038 Lucienus
625 2979 791 3044 Muellerus
823 2977 950 3040 coniecit
982 2977 1215 3052 interitumque
1245 2975 1377 3051 recepit:
1410 2975 1438 3033 A

316 3066 406 3125 miser
429 3069 484 3131 eto.

408 3243 433 3311 1)
452 3245 625 3300 Fleckeiseni
644 3246 737 3299 annal.
757 3245 811 3298 vol.
833 3243 876 3310 99,
894 3263 941 3314 pg.
962 3243 997 3295 63
1016 3263 1076 3312 sqq.
1096 3244 1173 3298 etin
1192 3261 1276 3297 carm.
1296 3242 1356 3296 Cat.
1377 3241 1437 3294 Tib.

317 3316 397 3386 Prop.
418 3318 536 3387 praefat.
555 3337 602 3388 pg.
623 3317 696 3370 VIII.

407 3404 434 3470 2)
453 3406 562 3460 dissert.
582 3404 766 3475 inauguralis,
791 3404 1033 3474 Gryphiswaldiae
1047 3423 1071 3458 a.
1088 3403 1156 3456 1869
1171 3404 1256 3469 edita,
1268 3422 1316 3473 pg.
1332 3404 1364 3455 10
1377 3421 1437 3470 sqq.

406 3493 433 3561 3)
453 3495 531 3550 velut
548 3514 574 3549 v.
593 3495 615 3558 I,
637 3494 660 3559 1,
679 3495 708 3547 2:

601 3567 638 3620 Et
656 3568 752 3620 teneat
770 3565 866 3619 culti
858 3582 957 3634 rugera
973 3565 1065 3618 multa
1083 3565 1144 3629 soli,

317 3655 401 3705 quam
412 3637 594 3691 lectionem
567 3657 621 3691 11111
614 3636 818 3730 Frisingensia
828 3635 990 3690 exhiberent
993 3636 1137 3704 ,equidem
1147 3637 1273 3689 codicum
1281 3638 1437 3689 nostrorum

317 3708 483 3790 scripturam
515 3708 647 3802 ,magna
680 3707 794 3762 minime
827 3725 999 3777 respuerem3
1029 3705 1239 3775 rescindimur
1265 3707 1340 3761 enim
1366 3707 1437 3759 illud

320 3779 569 3861 ,11118111113111κ
597 3780 703 3834 1111111111
727 3779 797 3834 mihi
816 3779 944 3834 videtur:
969 3779 1100 3833 similiter
1117 3779 1278 3848 Propertius
1303 3779 1324 3843 I,
1343 3779 1368 3843 5,
1389 3777 1436 3830 10:

318 3855 425 3920 quanta
442 3850 530 3905 milia.

405 3938 433 4006 4)
452 3941 530 3994 velut
547 3960 573 3994 v.
592 3942 613 4006 I,
633 3939 658 4001 2,
679 3940 724 3994 19:

566 4013 619 4066 Illa
638 4013 719 4066 docet
737 4011 817 4067 molli
834 4011 933 4065 furtim
952 4012 1083 4080 derepere
1102 4012 1183 4075 lactc,

316 4084 365 4137 ubi
383 4084 469 4138 ceteri
488 4101 583 4166 omnes
602 4085 691 4137 multo
718 4082 879 4154 languidius
898 4082 1045 4136 exhibent:
1072 4082 1213 4136 decedere
1250 4083 1291 4137 De
1316 4083 1437 4147 versuI,

318 4156 342 4218 l,
362 4155 395 4207 25
415 4173 432 4208 a
452 4155 516 4210 viris
536 4155 624 4209 doctis
643 4155 828 4209 multifariam
847 4157 995 4223 temptato,
1014 4154 1178 4223 posterius'
1171 4172 1201 4206 111
1213 4154 1367 4224 appendice
1381 4171 1437 4221 qua

316 4228 351 4282 de
369 4227 460 4296 prima
473 4227 564 4297 elegia
582 4227 796 4298 transponendis
809 4225 934 4282 versibus
947 4226 1121 4282 emendanda
1131 4225 1305 4292 disseremus,
1324 4225 1435 4282 uberius

317 4298 514 4374 disputabitur.
