3242 5084
783 488 826 500 ψ
877 461 1005 529 121-

335 631 408 692 Fuit
432 634 566 693 omnium
590 636 708 709 praeter
722 634 917 693 Ouiacianum
931 634 1137 712 fragmentum
1154 635 1286 709 optimus
1310 637 1455 692 010111011-

334 721 517 782 datissimus.
565 722 643 783 Nem
666 724 774 783 menda
797 724 974 799 scripturae,
1006 743 1083 799 quae
1115 723 1146 781 in
1179 723 1326 798 excerptis
1349 722 1454 796 depre-

335 811 492 871 hendimus
516 814 597 872 haud
621 832 727 888 peuce,
760 833 820 872 non
842 814 930 873 modo
961 813 1068 870 inille
1091 813 1178 884 libro,
1212 814 1264 872 sed
1291 832 1329 871 ne
1356 811 1388 868 in
1420 831 1454 870 eo

335 900 455 975 quidem
478 901 618 978 florilegii
642 903 803 978 exemplari
827 894 908 978 quod
932 902 1086 977 exipsius
1109 902 1297 980 grammatici
1315 900 1454 959 manibus

333 990 501 1065 profectum
525 998 579 1064 est,
605 991 738 1051 extitisse
761 992 826 1051 veri
848 994 893 1050 est
916 991 1116 1050 simillimum:
1150 992 1224 1050 10100
1248 993 1328 1050 certe
1362 990 1455 1065 scrip-

334 1080 430 1154 turae,
463 1082 567 1156 quales
591 1084 662 1139 sunt
690 1080 860 1153 „confixus“
895 1099 950 1156 pro
977 1081 1156 1155 „confisus“,
1193 1080 1327 1156 ,credita
1357 1079 1450 1138 ratis“

332 1187 387 1245 pro
414 1171 527 1244 ,credit
550 1169 662 1230 eratis“
690 1169 726 1247 (I,
753 1175 782 1244 9,
808 1175 860 1234 45.
885 1171 927 1240 ΙΙ,
946 1175 975 1241 6,
994 1174 1060 1245 21),
1086 1171 1160 1229 eliae
1184 1171 1222 1228 ab
1246 1170 1455 1245 excerptorum

335 1261 457 1318 auctore
479 1259 598 1337 neglegi
621 1278 680 1318 non
704 1262 881 1334 potuerunt,
906 1259 955 1317 sed
981 1279 1007 1317 0
1021 1259 1187 1334 posteriore
1210 1260 1330 1319 demum
1347 1257 1454 1317 codicis

334 1347 456 1406 librario
480 1349 614 1416 socordia
636 1349 823 1424 levitateque
845 1348 876 1406 in
900 1348 1104 1424 Frisingensia
1132 1351 1205 1408 sunt
1226 1349 1340 1408 illatae.
1386 1347 1455 1405 Duo

333 1437 406 1498 haee
429 1438 637 1497 tantummodo
669 1439 775 1497 menda
804 1439 865 1495 iam
898 1438 929 1495 in
961 1438 1060 1497 codiee
1089 1438 1141 1497 illo
1172 1439 1292 1516 integro
1320 1437 1454 1496 extitisse

334 1529 426 1602 atque
448 1527 516 1587 inde
540 1527 572 1584 in
594 1526 776 1604 florilegium
798 1526 953 1603 irrepsisse
976 1530 1076 1602 potest
1099 1528 1254 1588 contendi:
1279 1590 1284 1595 ,

423 1615 465 1690 Π,
491 1621 521 1690 0,
547 1621 603 1680 22:

606 1703 793 1780 Spes'sulcis
816 1705 911 1764 credit
935 1705 1028 1764 aratis

539 1793 658 1856 Semina
681 1814 758 1871 quae
781 1813 890 1872 magno
913 1795 1014 1854 fenore
1036 1794 1172 1854 reddit
1196 1813 1277 1872 ager,

333 1883 387 1942 ubi
410 1882 479 1942 libri
502 1884 598 1944 nostri
621 1887 701 1944 rec'te
718 1884 858 1944 exhibent
884 1884 1027 1958 „reddet“
1055 1887 1085 1942 et
1108 1883 1165 1957 IH,
1191 1889 1221 1955 3,
1247 1887 1305 1947 22:
1334 1882 1452 1958 ,00111α

329 1990 387 2048 pro
414 1973 541 2050 ,regit.“
580 1973 709 2048 Reliqua
725 1976 828 2032 autem
851 1972 967 2032 librarii
983 1992 1082 2033 errore
1106 1976 1209 2032 exorta
1224 1976 1296 2032 sunt
1320 1975 1350 2030 et
1365 1971 1453 2030 facile

335 2065 567 2137 cognoscuntur.
605 2061 671 2132 Qua
694 2063 730 2121 de
746 2081 837 2122 causa
852 2062 934 2121 haud
949 2063 1061 2121 iniuria
1077 2080 1225 2120 summam
1241 2061 1454 2121 auctoritatem

332 2149 571 2228 Frisingensium
601 2152 758 2228 scripturis
789 2152 849 2210 viri
881 2151 961 2210 docti
992 2152 1185 2223 tribuerunt3
1220 2151 1348 2209 maxime
1381 2168 1453 2209 vero

333 2239 452 2316 singule
479 2240 532 2300 illa
562 2242 709 2302 voeabula
733 2261 811 2317 quae
844 2260 879 2299 ex
908 2259 1051 2300 versuum
1075 2260 1189 2300 conexu
1216 2241 1318 2299 soluta
1349 2239 1380 2296 in
1403 2259 1453 2298 ex-

333 2329 443 2404 cerptis
467 2333 569 2390 extare
591 2349 684 2407 supra
707 2331 822 2390 dictum
846 2334 900 2402 ost,
933 2330 1014 2389 omni
1037 2331 1230 2406 corruptione
1252 2348 1350 2389 vacua
1382 2331 1454 2387 sunt

332 2419 481 2478 ducende:
505 2420 579 2481 haec
595 2420 673 2480 enim
697 2419 888 2496 potissimum
911 2441 929 2479 a
943 2419 1073 2480 librariis
1089 2419 1248 2497 diligenter
1264 2437 1326 2478 esse
1341 2419 1454 2493 scripta

331 2507 513 2584 minimeque
528 2509 698 2580 immutata,
716 2529 768 2585 per
784 2528 815 2568 se
830 2509 1031 2587 intellegitur.
1061 2508 1168 2583 Neque
1185 2508 1334 2568 sententia
1350 2511 1452 2566 nostra

332 2615 404 2656 voce
428 2616 505 2674 quae
529 2601 573 2658 est
599 2599 765 2673 ,1101110110ιι
792 2618 822 2657 v.
847 2597 900 2671 IV,
927 2603 956 2669 3,
986 2603 1024 2662 10
1048 2601 1148 2674 potest
1171 2598 1316 2658 refutari:
1340 2596 1452 2656 iniuria

333 2686 411 2745 enim
446 2686 570 2746 Luciani
606 2687 744 2746 Muelleri
780 2687 816 2746 de
832 2742 835 2748 ,
854 2687 910 2746 hac
943 2687 1094 2762 scriptura
1128 2687 1308 2748 sententiam
1341 2687 1452 2745 reicere

332 2778 457 2834 conotus
481 2779 526 2836 est
549 2776 734 2850 Protzenius,
767 2796 836 2835 cum
866 2776 1059 2836 contenderet
1089 2777 1199 2836 lineola
1222 2777 1275 2835 illa
1297 2775 1451 2835 vocalibus

331 2865 534 2942 superscripta
557 2885 712 2942 nunquam
735 2883 820 2940 posse
843 2864 1016 2941 significari,
1048 2866 1269 2941 producendam
1292 2883 1355 2924 esse
1389 2865 1451 2940 syl-

330 2954 443 3026 labam;
466 2955 558 3014 immo
573 2958 654 3014 recte
669 2955 851 3014 Muellerum
874 2955 950 3013 illud
966 2955 1091 3014 sensisse
1116 2976 1151 3015 ex
1166 2955 1305 3030 plurimis
1330 2973 1450 3029 excerp·

330 3046 433 3102 torum
448 3044 686 3122 Frisingensium
709 3044 782 3104 locis
798 3062 873 3120 quos
896 3044 960 3119 ipse
982 3044 1107 3119 inspexi,
1132 3047 1266 3120 apparet.
1314 3042 1451 3118 Exempli

330 3133 429 3212 gratia
452 3134 574 3194 efferam
596 3135 663 3194 hos:
688 3133 719 3190 in
737 3132 892 3192 Claudiani
908 3133 1054 3209 excerptis
1070 3154 1148 3209 quae
1162 3133 1341 3194 Tibullianis
1363 3151 1450 3208 prae-

331 3223 451 3296 cedunt,
480 3243 530 3301 pg.
558 3229 618 3287 117
651 3223 722 3282 libri
753 3224 837 3282 extat
863 3223 1016 3297 ,annuite
1051 3227 1082 3282 et
1111 3225 1142 3282 in
1167 3223 1278 3302 eclogis
1301 3221 1450 3281 Martialis

331 3332 408 3387 quae
431 3316 611 3388 sequuntur,
641 3333 693 3390 pg.
721 3317 782 3376 118
806 3331 871 3388 sqq.
903 3313 1114 3389 reperiuntur:
1154 3304 1287 3382 Oastdra,
1320 3302 1449 3389 lividius,

330 3401 430 3478 Nugis
453 3401 524 3478 (III,
551 3407 603 3476 55,
629 3405 672 3478 3),
697 3401 801 3475 Muta,
833 3393 934 3466 liltum
958 3401 1028 3473 (ΙΙΙ,
1055 3407 1106 3476 36,
1132 3408 1177 3481 4),
1201 3402 1323 3472 serium,
1352 3399 1450 3464 011100

331 3487 401 3570 (ΠΙ,
428 3496 479 3561 50,
506 3493 549 3566 3),
574 3489 734 3569 bxigerum
759 3492 848 3570 (miro
878 3491 994 3550 librarii
1021 3510 1130 3565 errore,
1162 3491 1203 3565 II,
1230 3495 1281 3561 50,
1307 3492 1351 3565 4),
1375 3499 1449 3566 copo

295 3617 298 3623 -
330 3577 401 3660 (III,
420 3585 471 3651 57,
493 3578 533 3658 l),
558 3582 713 3656 quatinus,
729 3581 871 3656 putidule
887 3580 953 3657 (IV,
972 3584 1023 3652 20,
1041 3583 1085 3657 4),
1108 3591 1226 3646 cerrima
1250 3578 1315 3656 (IV,
1337 3584 1387 3650 19,
1405 3581 1448 3654 5),

330 3659 459 3740 sintdsis,
483 3659 619 3734 Bdnbnia
635 3670 689 3746 (II,
715 3673 766 3740 59,
795 3673 826 3745 l)
851 3671 906 3728 etc.
954 3668 1071 3739 Quibus
1089 3670 1162 3730 locis
1178 3669 1317 3728 omnibus
1339 3667 1450 3727 lineola

330 3759 379 3817 vel
401 3757 531 3818 circulus
555 3758 797 3820 semicirculusve
820 3759 940 3818 litterae
963 3760 1186 3836 superscriptus
1211 3758 1248 3818 ad
1267 3757 1344 3815 nibil
1366 3757 1450 3817 aliud

329 3849 429 3924 potest
451 3847 610 3922 pertinere,
633 3849 692 3908 nisi
714 3848 752 3907 ed
774 3848 958 3924 syllabarum
981 3869 1073 3924 quam
1102 3849 1208 3908 dicunt
1230 3847 1448 3923 quantitatem

331 3937 500 4014 quidquod
524 3937 643 4016 singula
665 3939 718 3997 illa
741 3938 888 3997 vocabula
910 3940 1033 4014 propter
1047 3939 1141 3998 solam
1165 3939 1241 3997 hanc
1264 3937 1449 4013 syllabarum

315 4045 500 4090 ,mensuram
523 4027 561 4087 ab
585 4033 758 4104 excerptore
778 4026 908 4102 ascripta
931 4045 993 4087 esse
1016 4028 1180 4088 videntur?
1219 4026 1449 4097 Quamobrem

329 4116 479 4194 scriptura
504 4116 701 4193 „bemmatis“
738 4137 755 4174 a
779 4116 1020 4195 Frisingensibus
1052 4120 1098 4178 est
1125 4117 1324 4178 abiudicanda
1356 4118 1448 4192 atque

333 4205 502 4284 „hamatis“
527 4206 698 4285 legendum.
1218 4281 1220 4287 ,

418 4295 488 4357 Jam
510 4315 581 4357 vero
605 4298 678 4376 quid
710 4315 746 4358 ex
777 4295 881 4354 nostra
911 4295 1061 4357 sententia
1091 4297 1247 4373 sequatur,
1281 4295 1445 4358 rideamus.
